2065 3396
402 215 479 289 5'6
563 222 645 277 D.
708 221 987 282 JUNM
1035 219 1595 286 IUVENALTS

393 345 684 395 ln-statione
704 340 787 394 sua
800 372 818 404 ‚
848 358 992 408 atque
1018 343 1574 409 exspectantiburillam
1590 374 1609 405 ‚

398 436 521 497 Qo
539 432 704 496 iubeat
725 447 929 484 manare
954 430 1114 484 modo
1129 450 1145 483 ε
1172 446 1228 484 tu
1240 433 1400 484 credis
1419 446 1649 482 amorem
1664 458 1698 489 7

400 522 490 572 Tu
502 518 598 570 tibi
614 533 733 570 tunc
757 525 923 571 Uruca
946 522 1110 585 places
1127 550 1145 580 ‚
1171 519 1448 582 fletumque
1471 515 1671 569 labellis

401 606 648 660 Exsorbes
668 640 685 670 ‚
716 623 823 673 quae
840 608 1016 674 scripta
1027 638 1046 669 ‚
1064 609 1119 660 86
1133 623 1253 670 quas
1264 608 1452 660 lec‘lure
1474 605 1679 657 tabellas
1695 632 1715 666 ,

400 692 455 747 Sl
480 692 581 745 tibi·
604 697 865 761 zelotypae
882 708 1170 759 retegantur
1185 693 1366 745 scrinia
1382 694 1595 744 moechae
1614 694 1627 743 Ξ

399 779 505 847 διὰ
528 780 655 844 iacet
673 781 728 833 in
744 782 875 836 servi
892 781 1238 848 complexibus
1255 813 1273 844 ‚
1297 796 1381 834 aut
1407 782 1619 845 Equitis.
1639 781 1797 842 »Dic‘5

312 920 323 930 ,
398 866 505 920 Dic
528 868 750 930 aliquem
773 867 917 921 sodes
933 869 1021 923 hic
1038 901 1056 932 ‚
1087 870 1411 933 Quintiliane
1425 899 1443 930 ‚
1462 870 1712 919 colorem.

398 957 665 1009 Haeremus
684 988 702 1019 ‚
729 957 810 1008 dic
830 955 957 1022 ipsa.
975 957 1132 1009 Olim
1159 969 1466 1007 convenerat
1477 954 1677 1016 ‚inquit
1694 983 1714 1014 ‚

400 1046 476 1094 Ut
500 1044 684 1095 faceres
701 1059 758 1095 tu
784 1043 919 1107 quod
944 1046 1142 1109 velles3
1168 1059 1261 1096 nec
1290 1060 1396 1094 non
1411 1058 1510 1109 ego
1525 1043 1717 1107 poss'ern

402 1128 676 1195 Indulgere
704 1130 838 1181 mibi
860 1146 875 1178 e
900 1130 1086 1184 clames
1108 1132 1261 1193 licet,
1281 1133 1336 1184 δε
1362 1147 1501 1182 mare
1518 1131 1670 1184 Coelo
1761 1144 1764 1145 ⁷

404 1217 700 1270 Confundas
714 1247 732 1279 ‚
750 1219 910 1270 homo
925 1216 1058 1270 sum.
1081 1218 1240 1271 Nihil
1252 1220 1319 1270 est
1339 1217 1564 1269 audacius
1578 1217 1687 1267 illis

402 1303 705 1371 Deprenfis:
727 1305 860 1358 iram
871 1336 890 1369 ,
915 1320 1060 1370 atque
1074 1308 1312 1359 animosa
1329 1305 1542 1359 crimine
1557 1303 1794 1362 sumunra

464 1479 622 1535 Unde
641 1481 746 1533 haec
769 1482 987 1533 monstra
1000 1496 1206 1545 tamen,
1239 1482 1331 1538 vel
1343 1497 1444 1546 quo
1457 1481 1520 1535 do
1540 1484 1678 1534 fonte
1695 1497 1782 1534 res·

720 1569 876 1630 quiris
898 1570 933 1618 ἰ·

405 1650 666 1707 Praestabat
690 1656 832 1706 castas
859 1655 1075 1707 humilis
1098 1658 1299 1709 fortuna
1320 1655 1527 1710 Latinas

404 1728 715 1805 Quondam,
745 1759 839 1794 nec
867 1743 1012 1794 vitiis
1028 1746 1261 1812 contingi
1278 1761 1426 1811 parva
1451 1742 1678 1800 finebant

399 1828 567 1881 Tecta
579 1827 720 1880 labor
736 1861 754 1891 ‚
782 1828 1043 1895 somnique
1061 1831 1236 1888 breves
1250 1866 1267 1895 ‚
1292 1835 1346 1886 δε
1362 1836 1554 1886 vellere
1570 1833 1760 1888 Tusco*

404 1919 626 1969 Vexatae
642 1948 660 1978 ,
693 1917 924 1983 duraeque
941 1935 1150 1982 manus,
1178 1938 1234 1973 ac
1259 1924 1521 1988 proximus
1547 1921 1682 1993 Urbi<

406 2002 669 2057 Hannibal
690 2035 708 2066 ‚
744 2006 799 2056 δε
824 2008 999 2059 stantes
1027 2011 1238 2063 Collina
1264 2012 1469 2062 iarun-e
1484 2010 1679 2062 mariti.

406 2095 565 2149 Nunc
590 2095 807 2159 patimur
830 2097 996 2161 longae
1012 2097 1143 2161 pacis
1159 2098 1291 2147 mala
1306 2128 1323 2158 ,
1350 2095 1527 2149 saevior
1541 2097 1695 2149 armis

408 2183 641 2235 Luxuria
658 2181 910 2241 incubuit,
928 2183 1218 2247 victumque
1238 2182 1487 2236 ulciscitur
1499 2183 1698 2236 orbem.

408 2271 635 2324 Nullum
652 2271 847 2321 crimen
860 2267 987 2321 abest
1001 2302 1017 2328 ‚
1032 2271 1315 2336 facinusque
1330 2271 1563 2324 libidinis
1576 2304 1593 2333 ‚
1606 2287 1672 2323 cx
1685 2287 1796 2337 qut

411 2361 676 2423 Paupertas
700 2363 933 2410 Romana
958 2359 1122 2424 perit:
1146 2361 1264 2411 hinc
1282 2360 1450 2414 'fluxit
1476 2361 1538 2412 ad
1564 2362 1680 2412 istos

417 2447 486 2498 Et
497 2443 693 2510 Sybaris
713 2448 869 2497 colles
894 2465 912 2510 ς
934 2435 1056 2498 hinc
1084 2448 1136 2498 ae
1155 2447 1364 2502 Rhodos
1378 2481 1396 2510 ‚
1412 2450 1466 2501 δε
1481 2451 1692 2502 Miletos
1708 2477 1730 2510 ‚

417 2538 592 2601 Atque
607 2548 902 2589 coronatum
914 2564 933 2597 ,
952 2535 1004 2587 &
1020 2537 1249 2601 petulans
1261 2566 1281 2602 ‚
1299 2536 1656 2601 madidumque
1684 2540 1797 2596 Τιι,

737 2635 974 2678 tentum.
