2065 3396
366 344 441 443 vj
658 333 1019 412 DECII
1086 319 1444 402 JUNH

371 486 567 548 nalem
610 483 794 565 aliqui
826 475 1071 540 Gallum
1099 485 1328 550 propter
1354 449 1602 539 corporis
1626 464 1755 509 ma-

366 592 752 676 gnitudinem
777 633 797 662 ,
820 584 1006 666 aliqui
1031 576 1385 659 Aquinatem
1411 564 1631 625 dicunt.
1673 555 1760 615 Ea

376 717 641 780 tempora
671 688 1006 757 Domitiani
1030 674 1327 764 Tyranni,
1353 669 1561 754 quibus
1577 662 1759 722 etiam

377 800 498 883 ipse
520 797 696 872 vixit,
733 819 802 859 eo
826 793 986 878 quod
1015 793 1080 850 in
1115 785 1247 846 aula
1280 777 1449 861 ipfius
1487 772 1614 855 plus
1644 761 1762 824 his-

375 906 598 966 triones
635 920 817 986 quam
861 900 1024 960 bonae
1045 894 1177 953 vitae
1204 884 1471 947 homines
1497 869 1714 957 possent
1735 907 1762 940 ‚

381 1011 633 1094 graviter
675 1002 894 1087 carpfit.
941 1004 1067 1062 Hos
1106 1012 1302 1055 autem
1330 988 1503 1049 libros
1533 985 1594 1042 in
1619 974 1764 1039 exfi-

366 1114 530 1175 ·lium
575 1109 765 1173 miffus
791 1105 864 1168 ad
888 1107 1186 1168 civitatem
1206 1098 1479 1159 ultimam
1505 1081 1768 1167 AEgypti,

381 1227 498 1281 Hos
530 1215 599 1277 ab
630 1211 750 1296 ipso
776 1212 1126 1274 Domitiano
1152 1252 1168 1281 ,
1212 1199 1443 1284 scripsit.
1484 1194 1629 1254 Ideo
1651 1206 1766 1246 au·-

383 1340 503 1382 tem
530 1323 589 1381 in
618 1318 877 1381 exfilium
912 1311 1112 1377 milsus
1133 1309 1212 1370 est
1236 1348 1258 1380 ,
1293 1305 1433 1390 quia
1464 1296 1610 1360 dixit
1633 1308 1766 1354 vet-

385 1429 512 1488 sum
542 1425 710 1484 illum
739 1471 758 1500 ,

387 1603 556 1684 Quod
578 1619 682 1660 non
704 1599 839 1659 dant
860 1602 1120 1656 Proceres
1138 1629 1162 1660 ,
1189 1582 1352 1646 dabit
1373 1575 1564 1657 histrio
1579 1617 1602 1647 ,
1641 1568 1764 1635 &c-

469 1790 646 1848 Nunc
664 1799 860 1845 autem
878 1779 988 1842 hoc
1015 1770 1240 1837 inducit
1258 1762 1414 1852 quafi
1440 1773 1700 1838 carptum
1721 1750 1778 1814 se

389 1914 488 1977 pet
515 1891 723 1974 figuras
749 1907 782 1947 a
825 1882 1038 1948 miseris
1064 1874 1267 1939 Po'e'tis
1295 1870 1398 1955 qui
1424 1864 1508 1927 nil
1530 1880 1779 1933 novum,

393 1997 489 2057 sed
517 1994 788 2055 omnibus
826 2005 990 2050 notas
1024 1980 1297 2050 fabellas,
1347 1964 1686 2038 rkcitatent3
1725 1970 1781 2023 δε

388 2098 542 2158 dicit
567 2096 750 2179 magis
780 2095 911 2155 ideo
937 2088 1185 2153 Satiram
1210 2080 1263 2143 se
1285 2076 1519 2139 scribere
1564 2087 1629 2129 ut
1654 2064 1786 2148 pos-

400 2202 466 2264 fit
493 2222 682 2262 mores
709 2199 862 2260 illius
887 2191 1168 2274 temporis
1207 2174 1658 2247 demonstrando
1682 2189 1788 2229 no-

400 2326 542 2369 tate.
563 2306 851 2365 Hastenus
870 2319 1031 2365 vetus
1055 2289 1348 2371 exemplar
1372 2276 1531 2368 quud
1558 2296 1790 2361 praeter-

407 2412 642 2472 miss'um
668 2407 850 2468 nolui.
907 2405 1080 2483 Quin
1121 2409 1177 2461 &
1228 2393 1375 2454 illud
1426 2387 1634 2448 addam
1685 2400 1793 2461 pto

409 2526 526 2581 Hos
549 2559 572 2587 ,
616 2513 868 2573 civitatis
922 2507 1077 2568 illius
1119 2500 1353 2586 AEgypti
1383 2513 1598 2556 nomen
1622 2508 1794 2569 repo-

415 2620 679 2682 nendum
700 2612 849 2675 Oasa
872 2657 891 2686 ,
927 2613 1040 2673 five
1069 2606 1242 2670 Oafin
1272 2598 1630 2684 peninsulam
1653 2588 1795 2651 exfi-

417 2726 515 2794 liis
537 2722 818 2790 celebrem
846 2761 867 2794 ‚
895 2715 1056 2800 cujus
1085 2723 1139 2776 &
1183 2709 1278 2771 hic
1310 2708 1470 2768 idem
1512 2706 1814 2776 Interptes·
