2065 3396
451 277 813 342 SATIRA
857 284 987 348 IX.
1046 284 1223 341 LIB.
1288 284 1433 340 ΙΙΙ.
1536 299 1643 342 ιοῑ

267 407 324 460 0
359 409 536 472 parvi,
569 409 814 470 nostrique
833 411 987 460 Lares
1009 438 1026 467 ,
1048 421 1169 468 quos
1186 407 1333 456 thure
1351 407 1589 468 minum,

269 502 383 549 Aut
406 500 534 547 farre
551 528 568 557 ,
590 499 644 546 δε
675 495 817 547 renui
837 493 976 546 soleo
1000 508 1209 543 exorare
1227 509 1441 556 corona,

269 584 494 648 Qando
527 600 624 650 ego
658 581 818 649 figam
848 577 1043 643 aliquid
1082 611 1102 641 ‚
1147 595 1245 643 quo
1285 582 1347 635 fit
1377 584 1512 636 mihi
1549 600 1656 638 tuta

583 670 806 723 senectus

267 763 324 815 A
349 774 518 827 tegete
551 760 605 811 86
633 760 811 811 baculo
837 759 850 810 l
888 746 1104 824 Viginti
1122 755 1291 806 millia
1304 758 1473 809 foenue

265 844 574 912 Pignoribus
595 845 765 911 pofitis
781 876 798 903 ‚
836 845 1035 911 argenti
1056 841 1253 896 vascula
1272 845 1411 909 puri,
1453 899 1454 903 ,

266 935 369 988 Sed
383 950 488 998 quae
519 934 774 986 Fabricius
798 929 994 984 Censor
1026 945 1169 982 notet
1183 962 1201 990 ‚
1225 931 1279 981 8c
1312 930 1413 982 duo
1432 933 1585 984 fortes

265 1025 355 1076 De
382 1038 537 1090 grege
559 1023 841 1076 Moesorum
858 1049 876 1080 ‚
899 1018 983 1081 qui
1017 1033 1103 1068 me
1125 1017 1319 1068 cervice
1358 1019 1520 1071 locata

263 1113 506 1163 Securum
530 1109 732 1175 jubeant
756 1106 978 1159 clamoso
1002 1105 1218 1158 infistere
1251 1104 1403 1157 Circo
1424 1105 1437 1155 Ξ

265 1198 345 1250 Sit
363 1197 497 1247 mihi
513 1211 750 1260 praeterea
771 1213 946 1248 curvus
967 1198 1166 1246 caelator
1183 1223 1200 1252 ,
1232 1193 1293 1242 &
1326 1194 1455 1243 alter

265 1283 378 1346 Qi
400 1285 583 1334 multas
600 1283 749 1334 facies
771 1284 944 1349 pingat
961 1282 1063 1335 cito
1081 1315 1098 1344 ‚
1119 1280 1369 1333 sufficiunt
1392 1283 1497 1332 haec
1520 1296 1534 1328 ε

265 1363 492 1436 Qandd
513 1387 611 1438 ego
625 1387 807 1438 pauper
827 1372 955 1423 ero?
981 1371 1185 1426 Votum
1206 1369 1491 1423 miserabile
1506 1401 1523 1432 ,
1550 1383 1654 1420 nec·

579 1457 686 1525 spes

266 1547 372 1602 His
402 1544 614 1598 saltem!
643 1547 785 1599 Nam
803 1563 919 1599 cum
941 1563 1030 1612 pro
1052 1563 1138 1599 me
1161 1547 1384 1600 Fortuna
1404 1558 1611 1651 regatur
1626 1575 1645 1607 ,

271 1634 484 1690 Adfixit
505 1647 642 1688 ceras
664 1637 755 1690 ina
783 1635 848 1689 de
876 1653 1001 1689 nave
1028 1637 1249 1705 petitas,

270 1728 402 1789 Qae
423 1725 614 1778 Siculos
638 1741 805 1779 cantus
833 1727 1013 1797 effugit
1044 1729 1243 1797 remige
1274 1724 1441 1779 surdo

434 1907 617 1979 Finis
643 1909 824 1979 tertii
855 1904 1051 1981 Libri
1086 1911 1487 1979 Satirarum.
