2065 3396
449 216 565 271 180
733 202 1015 306 ZULJ
1084 220 1129 277 Ρ
1164 213 1299 302 Εκ
1337 213 1494 275 ςτῐ

424 359 674 435 summe
745 358 1021 433 dileaus
1085 358 1262 459 apud
1298 319 1616 434 Traseani
1649 353 1807 443 est?

380 535 387 542 -
426 481 521 553 ita
564 503 637 553 ut
663 485 1187 580 peregrinaretur
1222 507 1496 580 quoque
1525 507 1681 554 cum
1704 505 1795 552 eo

427 601 783 698 aliquando
833 652 856 686 ‚
928 626 1282 701 cognatam
1338 604 1477 698 ejus
1520 599 1799 673 Arriam
1911 678 1921 686 ‚

422 745 708 794 uxorem
742 720 1051 792 habente.

524 849 686 921 Fuit
731 871 990 920 morum
1027 842 1490 922 lenissimorum
1514 899 1539 933 ,
1595 863 1799 926 vere:

427 966 685 1039 'cundiae
730 965 1060 1064 virginalis
1098 1015 1120 1048 ,
1156 953 1389 1040 formae
1441 967 1739 1065 pulchrae
1769 984 1800 1053 ,'

424 1089 688 1187 pietatis
726 1113 882 1185 erga
927 1112 1200 1174 matrem
1262 1093 1333 1164 δε
1372 1086 1672 1158 sororem
1718 1093 1795 1163 δε

315 1244 319 1249 ·
423 1212 688 1280 amitam
767 1206 1075 1303 exemplo
1138 1204 1540 1278 sufficienti&
1626 1207 1793 1280 Fuit

419 1327 601 1426 frugi
642 1335 711 1401 &
743 1328 1044 1426 pudicus·
1105 1325 1406 1424 Reliquit
1443 1329 1619 1399 circa
1660 1347 1787 1400 H-s

418 1469 543 1522 xx
592 1428 781 1518 matri
828 1455 900 1522 &
934 1446 1146 1519 sorori
1179 1474 1197 1520 ε
1233 1447 1486 1546 scriptis
1532 1473 1790 1523 tantum

423 1561 508 1636 ad
554 1588 828 1635 matrem
896 1564 1217 1658 codicillis
1244 1616 1267 1650 ‚
1317 1568 1583 1666 rogavit
1638 1592 1792 1642 eam

416 1706 496 1757 ut
544 1680 729 1755 daret
776 1682 1087 1757 Cornuto
1121 1684 1405 1760 sestertia
1444 1738 1467 1772 ‚
1508 1711 1585 1761 ut
1636 1689 1793 1788 qui-j

419 1800 574 1879 dam
615 1799 844 1879 dicunt
867 1852 893 1887 ‚
937 1806 1184 1875 centies
1204 1829 1232 1892 3
1259 1828 1333 1878 ut
1369 1804 1477 1878 alii
1506 1804 1745 1882 volunt
1756 1828 1788 1893 ‚¹

418 1924 676 2019 argenti
728 1920 882 1995 faeti
921 1921 1218 2021 pondera
1267 1925 1502 2022 viginti
1532 1974 1556 2008 ‚
1600 1932 1674 2000 δι
1703 1924 1788 1998 li-

417 2043 576 2118 bros
623 2045 796 2117 circa
826 2043 1294 2141 'septingentos
1318 2091 1341 2120 ,
1380 2042 1513 2118 five
1540 2042 1788 2119 biblio-⁴

416 2148 680 2236 thecam
718 2162 895 2235 suam
951 2188 1238 2234 ornnem.
1289 2160 1546 2236 Verum
1583 2160 1780 2235 *Cor-

413 2303 609 2356 nutus
649 2281 911 2356 sublatis
949 2282 1172 2368 libris,
1212 2283 1560 2380 pecuniam
1588 2279 1801 2354 soro-.

414 2402 594 2483 tibus
617 2451 640 2486 ,
698 2426 857 2500 quas
910 2401 1110 2474 frater
1145 2398 1438 2475 haeredes
1471 2397 1722 2504 fecerat
1747 2422 1777 2484 ,·

417 2520 705 2623 [eliquia
760 2504 854 2597 Et
887 2546 1036 2595 raro
1075 2570 1101 2621 ,
1136 2527 1210 2599 &
1270 2515 1458 2594 tarde
1499 2513 1782 2615 scripfiu
