2065 3396
504 280 875 342 SATIRA
914 285 991 340 X.
1044 283 1224 341 Lm.
1265 284 1401 341 ιν.
1508 288 1647 365 1092

247 407 476 460 rescuffa
494 413 700 462 Oceano
715 437 732 467 ‚
751 409 979 471 Niloque
998 407 1205 462 admota
1226 408 1422 476 tepenti
1438 431 1457 476 3

247 494 439 550 Rutsus
476 496 540 549 ad
579 499 888 563 AEthiopum
926 500 1138 564 populos
1174 530 1193 560 ,
1261 498 1483 562 aliosque
1527 497 1641 553 ele'-

564 587 774 649 phantos

249 666 483 725 Additur
507 669 736 736 imperiis
777 672 1053 739 Hispania3
1079 677 1378 738 Pyrenaeum

249 755 500 808 Tranfilit
516 775 530 807 :
545 759 774 825 opposuit
789 765 836 814 N
845 778 984 817 atura
998 766 1287 827 Alpemque
1303 793 1320 821 ‚
1334 762 1605 827 nivemque
1617 780 1644 835 ς

248 843 468 909 Diducit
487 842 713 910 scopulos
727 881 742 911 ,
763 852 816 901 &
835 867 1074 904 montem
1100 850 1291 914 rumpit
1317 861 1478 898 aceto.

245 932 279 986 J
282 946 367 979 am
386 944 524 982 tenet
545 933 747 986 Italiam
766 968 782 995 ‚
794 953 967 989 tamen
983 941 1113 990 ultra
1128 950 1334 1002 pergete
1363 933 1531 985 tendit
1544 950 1561 984 ε

251 1019 479 1079 Actum,
496 1021 661 1086 inquit
676 1053 693 1081 ‚
710 1024 844 1074 nihil
869 1027 966 1085 est,
998 1024 1091 1076 nifi
1114 1028 1269 1077 Poeno
1288 1023 1457 1074 milit-e
1470 1037 1639 1088 portas

250 1110 554 1176 Ptangimus
575 1145 592 1171 ‚
629 1114 681 1164 86
710 1112 881 1163 media
899 1114 1152 1163 vexillum
1172 1131 1307 1181 pono
1327 1111 1532 1166 Subura·

253 1198 307 1247 O
334 1198 492 1261 qualis
516 1200 693 1249 facies.
734 1200 787 1249 36
819 1200 953 1261 quali
978 1199 1136 1264 digna
1163 1200 1381 1261 tabella,

248 1286 389 1343 Cum
408 1286 606 1341 Gaetula
624 1288 826 1343 Ducem
855 1304 1077 1353 portaret
1098 1286 1278 1342 bellua’
1295 1289 1487 1341 luscum
1512 1289 1528 1344 ἔ

251 1370 433 1423 Exitus
461 1386 584 1438 ergo
614 1374 723 1435 quis
766 1380 869 1428 est?
892 1382 942 1431 O
966 1379 1127 1445 gloria
1149 1381 1162 1429 !
1186 1378 1408 1429 vincitur
1431 1377 1575 1428 idem

247 1461 460 1525 Nempe
478 1491 497 1522 ,
521 1463 575 1512 &
604 1463 661 1512 in
689 1463 926 1520 exsilium
956 1480 1167 1530 praeceps
1195 1464 1327 1531 fugit
1345 1495 1364 1525 ‚
1402 1478 1546 1527 atque
1567 1460 1645 1519 ibi

560 1566 774 1618 magnus
841 1584 852 1591 -

250 1634 610 1701 Mirandusque
641 1642 799 1690 cliens
833 1637 972 1691 sedet
995 1638 1061 1694 ad
1092 1639 1321 1705 praetoria
1340 1641 1534 1709 Regia,

252 1726 439 1779 Donec
470 1729 691 1793 Bithyno
727 1727 880 1785 libeat
905 1729 1125 1795 vigilare
1149 1736 1416 1796 Tyranno.
1571 1739 1574 1746 '

252 1814 439 1865 Finem
458 1817 641 1869 animae
658 1851 673 1876 ‚
691 1834 796 1881 quae
813 1835 888 1868 res
902 1820 1147 1869 humanas
1162 1820 1363 1893 miscuit
1379 1822 1510 1873 olim
1526 1852 1547 1883 ‚

253 1904 383 1962 Non
399 1905 589 1970 gladii,
610 1922 714 1955 non
733 1906 845 1958 saxa
858 1906 1047 1960 dabunt
1064 1939 1081 1968 ‚
1112 1925 1207 1961 nec
1226 1912 1359 1971 tela,
1380 1909 1464 1962 sed
1481 1913 1579 1967 ille

255 1994 548 2046 Cannarum
569 1997 763 2047 vindex
781 2026 798 2055 ,
827 1998 880 2046 &
908 1998 1038 2047 tanti
1070 1995 1317 2061 sanguinis
1337 2001 1472 2048 ultor

257 2084 515 2132 Annulus.
542 2084 566 2132 1
582 2083 795 2132 demens
814 2113 830 2139 ,
849 2083 902 2131 86
917 2080 1066 2131 saevas
1080 2079 1221 2130 cutr'e
1236 2081 1321 2145 p'er
1338 2084 1531 2147 Alpes,

256 2170 332 2220 Ut
360 2168 524 2233 pueris
548 2171 739 2236 placeas
755 2196 772 2227 ,
802 2167 856 2216 δε
883 2165 1188 2222 declamatio
1211 2164 1326 2221 fias.

327 2348 474 2394 Unus
499 2347 684 2395 Pellaeo
701 2340 874 2407 iuveni
897 2357 1001 2390 non
1027 2339 1206 2394 sufficit
1223 2341 1391 2410 orbis;

252 2432 452 2483 AEstuat
477 2431 665 2484 infelix
680 2462 696 2489 ,
729 2429 929 2494 angusto
962 2428 1131 2479 limite
1154 2429 1339 2483 Mun'di
1358 2464 1378 2494 ‚

253 2520 330 2570 Ut
347 2517 526 2579 Gyatae
540 2515 725 2567 clausus
752 2516 960 2581 scopulis
975 2547 992 2577 ,
1017 2517 1259 2583 parvaque
1276 2519 1509 2583 Seripho.

253 2607 392 2656 Cum
408 2616 580 2653 tamen
601 2620 630 2653 a
642 2600 811 2668 figulis
829 2603 1082 2654 munitam
1097 2605 1364 2658 intraverit
1377 2607 1554 2661 urbem
1565 2620 1593 2675 ᾗ
1605 2614 1629 2646 ’·

253 2693 566 2761 sucophago
595 2706 860 2747 contentus
880 2694 1001 2747 etit.
1026 2695 1171 2751 Mox:
1193 2693 1297 2749 sola
1308 2698 1489 2753 fatetux
1503 2730 1524 2762 ‚
