2065 3396
483 239 629 316 lxiv
688 242 828 310 DE
882 232 1264 310 SATIRA
1315 234 1695 311 IUVEN:

422 413 431 420 ’
476 407 721 465 tirarum
772 398 1042 482 impensae
1085 452 1103 478 ,
1159 403 1363 484 quibus
1408 394 1580 473 adjiei
1607 391 1852 489 quidem

475 507 694 587 semper
739 506 961 587 aliquid
1002 503 1164 585 poffit
1198 525 1223 578 ,-
1259 504 1442 561 adimi
1488 520 1683 561 autem
1728 521 1852 559 non.

474 611 627 673 secus
663 632 841 691 quam
878 612 950 668 de
987 605 1270 667 facilibus
1296 626 1392 665 aut
1427 606 1700 667 lucanicis
1725 603 1852 684 pul-

475 735 561 798 pae
579 763 594 788 ,
611 713 912 788 cerebella,
931 711 1216 791 glandulae
1231 749 1251 777 ‚
1278 711 1498 782 nuclei,
1529 711 1850 792 liquamen,

476 823 640 902 piper
664 862 681 889 ,
727 829 780 879 δε
811 815 1140 895 hujusmodi
1171 813 1283 872 alia
1309 832 1326 872 t
1361 832 1487 894 quae
1511 812 1608 873 etfi
1645 816 1850 872 omni-

475 945 556 985 no
608 923 888 1004 disparata
931 919 1036 978 (int
1073 965 1093 992 ,
1148 923 1203 976 &
1237 915 1498 992 saporum
1528 916 1849 997 plurimum

473 1029 625 1088 inter
667 1026 719 1085 se
760 1025 1188 1096 differentium,
1230 1040 1425 1080 tamen
1450 1019 1645 1076 intrita
1680 1016 1850 1077 fimul

473 1140 532 1193 &
562 1127 770 1189 inferta
789 1130 1079 1208 optimam
1104 1127 1384 1185 condiunt
1405 1129 1652 1184 Satiram
1668 1164 1689 1194 ,
1715 1142 1846 1204 quae

472 1230 515 1293 fi
562 1235 828 1312 pauciora
887 1234 1210 1291 contineret
1235 1277 1253 1307 ,
1297 1234 1492 1288 minus
1538 1227 1722 1286 Satira
1746 1223 1843 1284 di-

466 1354 709 1397 ceretur.

466 1465 471 1469 ’
550 1461 745 1519 Habes
789 1504 808 1533 ‚
869 1454 1234 1517 illustriffime
1294 1455 1540 1516 Thuane
1571 1498 1592 1530 ,
1651 1475 1842 1518 totam

460 1561 758 1644 'propofitae
794 1562 1179 1621 controverfiae
1201 1558 1675 1620 constitutionem
1695 1601 1715 1629 ,
1742 1560 1842 1620 cui

464 1667 806 1730 dirimendae
843 1662 1119 1726 vindicias
1149 1663 1458 1724 secundum
1496 1662 1840 1743 juvenalem

462 1772 589 1832 dari
646 1772 740 1831 abs
770 1786 826 1831 te
869 1767 1219 1851 potiffimum
1266 1767 1460 1830 velim.
1507 1773 1665 1829 Nam
1700 1790 1841 1830 cum

461 1876 818 1952 adolescens,
856 1895 921 1935 ac
971 1895 1125 1953 paene
1154 1875 1344 1953 potius
1389 1894 1526 1952 puer
1550 1921 1568 1944 ,
1605 1893 1734 1935 eam
1771 1874 1838 1935 fis

450 1981 695 2059 'adeptus
742 1980 1029 2061 gloriam,
1067 1999 1129 2038 ut
1171 1978 1389 2037 curastis
1429 1976 1666 2059 poeticae
1707 1981 1840 2046 lau...

444 2084 631 2149 ,dibus
668 2101 847 2162 quam
898 2085 1150 2142 maxime
1191 2084 1523 2157 excelleres3
1563 2105 1714 2142 nunc
1730 2106 1840 2144 au-

463 2185 736 2264 tempost
769 2183 1144 2262 ampliffimos
1191 2184 1433 2247 honores
1460 2189 1840 2267 integerrime

463 2290 650 2370 gestos
670 2333 690 2360 ,
732 2290 793 2346 in
824 2309 949 2346 arce
976 2289 1216 2347 Virtutis
1238 2329 1261 2360 ‚
1290 2309 1445 2348 extra
1468 2310 1700 2349 omnem
1725 2291 1835 2350 Sa-

460 2396 582 2454 rirae
625 2391 1000 2470 petulantiam
1027 2432 1049 2460 ‚
1092 2389 1243 2452 velut
1284 2396 1437 2450 ex'tra
1479 2391 1575 2452 teli
1603 2393 1831 2470 jadium

452 2494 528 2558 iis
556 2492 861 2552 collocatus
884 2513 905 2564 ς
931 2496 1181 2574 partium
1213 2497 1438 2573 proprie
1474 2514 1700 2556 tuarum
1723 2496 1834 2561 effe

454 2596 703 2679 gtbittor
719 2635 741 2673 ‚
769 2593 837 2657 de
855 2597 1083 2679 po'e'tica
1103 2617 1335 2670 morum
1352 2598 1584 2668 censura
1604 2646 1625 2678 ,
1644 2620 1834 2684 quam
