2065 3396
403 271 528 365 a)
557 295 742 367 [ss
773 288 1357 366 ERTATm.
1430 287 1621 388 xxvij

213 439 639 519 quorumdam
667 457 1149 519 argumentorum
1195 438 1402 520 species
1429 462 1538 523 prae
1568 442 1624 502 se

214 539 411 614 fetat,
446 559 744 627 tamenlea
766 578 784 609 ,
845 543 1291 625 qualiacumque
1332 545 1459 625 sunt
1482 587 1503 618 ‚
1541 547 1626 605 ita

221 650 441 708 traciae
464 666 530 708 ut
557 646 743 709 multa
765 665 1025 725 praeterea
1046 644 1277 710 summo
1294 645 1479 707 studio·
1504 667 1626 728 per·

223 753 486 834 vestiget
506 798 526 827 ,
570 770 697 835 quae
737 749 790 810 se
834 749 995 810 aliud
1029 750 1227 831 agenti
1253 752 1509 813 obtulisse
1532 754 1627 814 vi·-

224 859 628 931 deantu13ac
672 854 709 914 fi
748 856 986 938 quando
1041 854 1100 914 in
1154 857 1414 939 aliquem
1439 855 1630 920 saevire

227 960 551 1042 proponit,
581 960 724 1020 adeo
745 958 1100 1021 truculentus
1116 958 1296 1021 fertur
1319 960 1340 1036 ,'
1362 946 1630 1023 ufetiam
1669 984 1670 991 ¹

225 1062 448 1124 obvios
488 1065 866 1124 contrucidet.
930 1065 1169 1124 Dicetes
1213 1065 1397 1126 telum
1430 1065 1633 1126 torfisse

226 1185 361 1249 quo
387 1185 489 1246 per
530 1164 673 1226 latus
704 1170 872 1227 unius
898 1166 1181 1247 plurimos
1230 1166 1415 1226 obiter
1447 1165 1636 1228 confi-

189 1318 205 1327 .
232 1291 397 1333 cerer
425 1301 440 1332 .·
467 1269 504 1330 fi
547 1291 683 1334 vero
713 1272 858 1354 quid
889 1270 1205 1331 ridiculum
1231 1273 1471 1351 apponit
1489 1309 1505 1339 ,
1548 1290 1635 1335 tot

243 1377 478 1442 insertis
508 1374 762 1468 ridiculis
783 1372 942 1435 struit
963 1384 1016 1436 &
1032 1375 1289 1435 cumulat
1309 1423 1325 1451 ‚
1354 1395 1416 1436 ut
1434 1418 1455 1451 ,
1476 1379 1635 1459 quod

242 1500 370 1540 erat
397 1479 750 1562 praecipuum
774 1522 796 1552 ,
819 1481 913 1564 vix
941 1497 1206 1560 appareat
1242 1521 1262 1550 ,
1302 1481 1394 1541 sed
1442 1484 1638 1562 potius

246 1586 455 1648 existat
477 1625 495 1655 ‚
539 1584 671 1670 quae
705 1570 935 1669 proprie
960 1582 1142 1647 Satira
1172 1586 1554 1666 huncupatur.

338 1694 467 1762 Jam
523 1691 622 1754 illa
668 1711 829 1752 acute
884 1682 1399 1772 argutequedffla
1440 1689 1637 1773 'quam
1679 1727 1688 1736 r

257 1797 442 1858 multa
477 1797 692 1878 ingerit
726 1792 744 1855 ἔ
770 1803 959 1875 'quam
1002 1789 1221 1854 inultos
1248 1795 1427 1852 etiam
1456 1842 1473 1870 ,
1498 1814 1634 1855 cum

255 1900 582 1963 declamare
624 1898 844 1960 videtur
862 1938 883 1968 ,
909 1901 1130 1979 impetu
1159 1893 1467 1956 Rhetorico
1494 1900 1643 1977 rapit

260 2015 317 2067 δε
349 2000 564 2083 affligit
608 2016 621 2066 ι
663 1997 841 2084 quam
870 2004 1121 2083 denique
1166 1997 1367 2058 omnia
1396 1998 1491 2057 illa
1519 2020 1644 2081 quae

260 2110 446 2197 vulgo
472 2105 812 2167 mortalium
838 2107 1101 2187 placent,
1130 2097 1546 2187 susquedeque
1543 2103 1669 2165 ha-·

262 2218 405 2278 bet.
387 2209 403 2259 l
416 2214 654 2274 Verum
681 2211 1063 2294 saepenumero
1083 2208 1266 2278 fallit,
1292 2218 1342 2272 &
1370 2199 1464 2269 sub
1492 2203 1645 2273 Hasta

263 2322 408 2403 p‘ura
433 2313 780 2400 praepilatam
809 2317 1028 2389 vibrat3
1054 2333 1303 2395 cumque
1329 2311 1648 2375 vehemen..·

269 2422 474 2485 tiffime
513 2441 729 2506 urget,
766 2412 1181 2483 declamatorio
1230 2420 1421 2479 colore
1462 2419 1676 2502 sparso-

270 2527 343 2592 [ιε
367 2526 702 2602 adumbrat,
724 2539 813 2587 'ut
844 2515 1035 2589 etiam
1075 2523 1514 2585 calumniatores
1553 2524 1649 2586 fu·-

275 2636 416 2716 giat.
458 2627 656 2715 Atque
696 2621 881 2713 o'petis
905 2628 1142 2715 quidem
1178 2624 1463 2709 principio
1490 2627 1645 2687 indi-

1271 2773 1396 2824 C2
