2065 3396
470 297 854 361 ,sanna
908 293 992 356 X.
1061 291 1252 354 rte.
1314 295 1425 353 ιν.
1493 302 1627 370 <103

252 428 401 482 Vera
414 427 548 478 bona
563 458 581 487 ‚
598 441 741 489 atque
760 424 866 476 illis
889 423 1111 472 multum
1128 416 1321 483 diversa
1336 448 1354 478 ,
1381 429 1581 468 remota
1630 432 1634 436 ·

253 517 457 573 Erroris
479 514 678 568 nebula.
707 514 848 579 de
865 510 1010 563 enim
1029 509 1225 560 ratione
1242 506 1483 556 timemus
1499 532 1516 561 ,

255 613 371 663 Aut
403 606 629 671 cupimus
663 605 688 654 ἓ
714 603 837 667 qnid
865 615 973 654 tam
1007 598 1195 650 dextro
1231 591 1357 658 pede
1383 586 1601 653 concipis
1623 613 1643 646 ,

574 708 632 745 nt
666 705 718 744 te
1300 703 1306 709 ·
1345 672 1349 673 ’

259 790 491 840 conatus
514 799 619 833 non
650 776 928 846 poeniteat,
956 771 1165 832 votique
1190 762 1413 833 perciti?

261 875 507 926 Evertere
539 868 720 920 domos
747 881 878 918 totas
904 859 1188 928 optantibus
1211 855 1323 921 ipfis

261 960 363 1015 Dii
390 959 560 1010 faciles
579 956 845 1007 :‘nocitura
872 966 1022 1016 toga,
1050 947 1274 998 nocitura
1298 950 1533 1005 petuntur

262 1049 485 1104 Militia.
519 1051 748 1098 Torrens
773 1036 978 1092 dicendi
1003 1034 1147 1099 copia
1175 1031 1387 1089 multis,

265 1140 333 1192 Et
360 1135 442 1187 sna
458 1133 722 1184 mortifera
742 1130 810 1181 est
839 1123 1067 1178 facundia
1081 1140 1098 1173 z
1117 1119 1307 1172 viribus
1331 1120 1425 1170 ille

268 1220 505 1281 Confisus
533 1222 683 1288 periit
699 1251 719 1282 ,
741 1208 1144 1273 admirandisque
1168 1209 1393 1262 lacertis.

331 1400 433 1456 Sed
461 1402 627 1466 plures
656 1395 820 1449 nimia
846 1389 1076 1456 congesta
1098 1380 1309 1451 pecunia
1340 1391 1456 1433 cura

271 1493 576 1558 strangulat,
589 1490 642 1539 &
657 1485 831 1538 cuneta
841 1479 1137 1544 exsuperans
1150 1469 1455 1538 patrimonia
1466 1464 1655 1526 census,

272 1583 484 1643 Qanto
511 1573 787 1642 Delphinis
808 1570 1013 1622 Balaena
1042 1560 1330 1615 Britannica
1358 1558 1543 1623 major.
1638 1540 1641 1545 ’

272 1662 618 1731 Temporibus
645 1660 769 1713 diris
794 1657 951 1725 igitur
967 1688 983 1717 ‚
1009 1654 1226 1718 iussuque
1256 1647 1487 1703 Neronis

274 1753 576 1819 Longinum
593 1781 610 1810 ,
638 1750 694 1800 δε
722 1760 937 1811 magnos
966 1748 1165 1797 Senecoe
1185 1740 1465 1805 praedivitis
1480 1740 1659 1791 hortos

272 1841 468 1901 claufit
489 1872 506 1899 ‚
527 1840 580 1892 δε
606 1835 833 1903 egregias
850 1836 1219 1886 Lateranorum
1237 1827 1424 1880 obfidet
1442 1830 1574 1879 aedes

274 1937 416 1986 ‘rota
437 1929 612 1980 cohors
633 1942 646 1973 t
679 1934 814 1974 ratus
839 1919 983 1972 venit
1007 1918 1065 1967 in
1094 1920 1348 1968 coenacula
1374 1917 1548 1968 miles.

276 2018 438 2074 Pauca
466 2015 587 2064 licet
610 2024 776 2077 portes
801 2005 996 2073 argenti
1023 2000 1220 2054 vascula
1248 2003 1359 2067 puri
1382 2034 1400 2063 ,

275 2105 448 2163 Νοᾶε
469 2104 567 2155 iter
581 2097 821 2166 ingress‘us
838 2124 854 2153 ,
869 2090 1097 2157 gladium
1111 2104 1416 2151 contumque
1432 2088 1663 2151 timebis,

280 2201 347 2252 Et
360 2207 510 2247 motae
527 2190 591 2243 ad
625 2192 823 2241 launam
837 2176 1105 2245 trepidabis
1122 2174 1381 2228 arundinis
1395 2173 1658 2241 umbram3

281 2278 522 2341 cantabit
554 2291 738 2331 vacuus
768 2282 940 2325 coram
972 2268 1170 2319 latrone
1193 2263 1379 2319 viator.

344 2458 520 2513 Prima
532 2456 638 2505 fere
654 2464 774 2502 vota
786 2479 802 2508 ‚
821 2448 875 2499 δε
893 2441 1083 2497 cunffls
1099 2438 1349 2493 notissima
1362 2426 1574 2507 templis

282 2544 502 2604 Divitiae
515 2572 533 2601 ‚
565 2537 783 2591 crescant
802 2550 858 2586 ut
874 2548 992 2602 opes
1005 2563 1023 2591 ‚
1042 2544 1097 2582 ut
1113 2528 1340 2581 maxima
1360 2543 1472 2581 toto
1497 2508 1502 2512 ⁵

284 2635 474 2692 Nostra
488 2627 548 2681 fit
563 2642 675 2679 arca
693 2626 823 2679 foro.
849 2619 946 2673 Sed
966 2621 1107 2671 nulla
1118 2616 1316 2669 aconita
1329 2614 1565 2668 bibuntur

284 2720 582 2782 Fictilibus:
605 2729 726 2769 tunc
740 2712 833 2763 illa
860 2711 989 2763 time
1003 2741 1023 2772 ,
1049 2722 1164 2761 cum
1181 2704 1356 2772 pocula
1371 2697 1538 2754 sumes

1307 2796 1408 2857 14
