<?xml version="1.0" encoding="UTF-8"?>
<!DOCTYPE html PUBLIC "-//W3C//DTD XHTML 1.0 Transitional//EN"
    "http://www.w3.org/TR/xhtml1/DTD/xhtml1-transitional.dtd">
<html xmlns="http://www.w3.org/1999/xhtml" xml:lang="en" lang="en">
 <head>
  <title>
</title>
<meta http-equiv="Content-Type" content="text/html;charset=utf-8" />
  <meta name='ocr-system' content='tesseract 3.04.00' />
  <meta name='ocr-capabilities' content='ocr_page ocr_carea ocr_par ocr_line ocrx_word'/>
</head>
<body>
  <div class='ocr_page' id='page_1' title='image "./deciijuniijuven00juvegoog_0066.png"; bbox 0 0 2065 3396; ppageno 0'>
   <div class='ocr_carea' id='block_1_1' title="bbox 444 293 1600 373">
    <p class='ocr_par' dir='ltr' id='par_1_1' title="bbox 444 293 1600 373">
     <span class='ocr_line' id='line_1_1' title="bbox 444 293 1600 373; baseline -0.001 -6"><span class='ocrx_word' id='word_1_1' title='bbox 444 293 538 373; x_wconf 86' lang='lat' dir='ltr'>liv</span> <span class='ocrx_word' id='word_1_2' title='bbox 651 299 792 366; x_wconf 88' lang='lat' dir='ltr'>DE</span> <span class='ocrx_word' id='word_1_3' title='bbox 836 294 1194 368; x_wconf 86' lang='lat' dir='ltr'><em>SATIRA</em></span> <span class='ocrx_word' id='word_1_4' title='bbox 1249 299 1600 371; x_wconf 83' lang='lat' dir='ltr'><em>IUVEN.</em></span> 
     </span>
    </p>
   </div>
   <div class='ocr_carea' id='block_1_2' title="bbox 433 433 1834 2281">
    <p class='ocr_par' dir='ltr' id='par_1_2' title="bbox 433 433 1834 2281">
     <span class='ocr_line' id='line_1_2' title="bbox 442 433 1834 519; baseline 0.005 -28"><span class='ocrx_word' id='word_1_5' title='bbox 442 434 555 492; x_wconf 89' lang='lat' dir='ltr'>alia</span> <span class='ocrx_word' id='word_1_6' title='bbox 586 478 606 507; x_wconf 90' lang='lat'><em>,</em></span> <span class='ocrx_word' id='word_1_7' title='bbox 659 434 752 492; x_wconf 89' lang='lat' dir='ltr'>sed</span> <span class='ocrx_word' id='word_1_8' title='bbox 779 433 894 494; x_wconf 82' lang='lat' dir='ltr'>haec</span> <span class='ocrx_word' id='word_1_9' title='bbox 940 438 999 495; x_wconf 88' lang='lat' dir='ltr'>in</span> <span class='ocrx_word' id='word_1_10' title='bbox 1036 440 1277 519; x_wconf 79' lang='lat' dir='ltr'>primis3</span> <span class='ocrx_word' id='word_1_11' title='bbox 1313 440 1629 498; x_wconf 86' lang='lat' dir='ltr'>unoculum</span> <span class='ocrx_word' id='word_1_12' title='bbox 1664 434 1834 498; x_wconf 75' lang='lat' dir='ltr'>fuiffe</span> 
     </span>
     <span class='ocr_line' id='line_1_3' title="bbox 437 535 1830 616; baseline 0.005 -21"><span class='ocrx_word' id='word_1_13' title='bbox 437 535 859 616; x_wconf 83' lang='lat' dir='ltr'><strong>Polyphemum</strong></span> <span class='ocrx_word' id='word_1_14' title='bbox 876 586 894 615; x_wconf 84' lang='lat'>,</span> <span class='ocrx_word' id='word_1_15' title='bbox 920 561 1054 600; x_wconf 88' lang='lat' dir='ltr'>cum</span> <span class='ocrx_word' id='word_1_16' title='bbox 1079 560 1272 602; x_wconf 82' lang='lat' dir='ltr'>tamen</span> <span class='ocrx_word' id='word_1_17' title='bbox 1301 561 1410 604; x_wconf 89' lang='lat' dir='ltr'>tres</span> <span class='ocrx_word' id='word_1_18' title='bbox 1438 543 1662 604; x_wconf 87' lang='lat' dir='ltr'>haberet</span> <span class='ocrx_word' id='word_1_19' title='bbox 1683 564 1830 602; x_wconf 88' lang='lat' dir='ltr'>ocu-</span> 
     </span>
     <span class='ocr_line' id='line_1_4' title="bbox 436 638 1829 728; baseline 0.004 -29"><span class='ocrx_word' id='word_1_20' title='bbox 436 638 527 700; x_wconf 83' lang='lat' dir='ltr'>los</span> <span class='ocrx_word' id='word_1_21' title='bbox 552 640 583 713; x_wconf 74' lang='lat'>3&#39;</span> <span class='ocrx_word' id='word_1_22' title='bbox 612 661 796 701; x_wconf 87' lang='lat' dir='ltr'>unum</span> <span class='ocrx_word' id='word_1_23' title='bbox 827 644 889 701; x_wconf 87' lang='lat' dir='ltr'>in</span> <span class='ocrx_word' id='word_1_24' title='bbox 917 641 1107 704; x_wconf 88' lang='lat' dir='ltr'>fronte</span> <span class='ocrx_word' id='word_1_25' title='bbox 1129 692 1147 720; x_wconf 88' lang='lat'>‚</span> <span class='ocrx_word' id='word_1_26' title='bbox 1179 664 1356 728; x_wconf 82' lang='lat' dir='ltr'>quem</span> <span class='ocrx_word' id='word_1_27' title='bbox 1403 645 1683 727; x_wconf 84' lang='lat' dir='ltr'>Virgilius</span> <span class='ocrx_word' id='word_1_28' title='bbox 1719 647 1829 705; x_wconf 86' lang='lat' dir='ltr'>de·-</span> 
     </span>
     <span class='ocr_line' id='line_1_5' title="bbox 437 742 1824 829; baseline 0.002 -26"><span class='ocrx_word' id='word_1_29' title='bbox 437 742 629 827; x_wconf 86' lang='lat' dir='ltr'>pingit</span> <span class='ocrx_word' id='word_1_30' title='bbox 686 747 984 829; x_wconf 86' lang='lat' dir='ltr'>ingentem</span> <span class='ocrx_word' id='word_1_31' title='bbox 1028 746 1204 808; x_wconf 87' lang='lat' dir='ltr'>instar</span> <span class='ocrx_word' id='word_1_32' title='bbox 1255 749 1442 808; x_wconf 83' lang='lat' dir='ltr'>Graeci</span> <span class='ocrx_word' id='word_1_33' title='bbox 1486 746 1670 829; x_wconf 85' lang='lat' dir='ltr'>clypei</span> <span class='ocrx_word' id='word_1_34' title='bbox 1721 767 1824 808; x_wconf 88' lang='lat' dir='ltr'>aut</span> 
     </span>
     <span class='ocr_line' id='line_1_6' title="bbox 436 846 1824 926; baseline 0.001 -18"><span class='ocrx_word' id='word_1_35' title='bbox 436 850 580 909; x_wconf 89' lang='lat' dir='ltr'>disci</span> <span class='ocrx_word' id='word_1_36' title='bbox 619 846 831 910; x_wconf 86' lang='lat' dir='ltr'>lunaris</span> <span class='ocrx_word' id='word_1_37' title='bbox 864 882 883 926; x_wconf 77' lang='lat'>3</span> <span class='ocrx_word' id='word_1_38' title='bbox 914 850 1158 912; x_wconf 83' lang='lat' dir='ltr'>alterum</span> <span class='ocrx_word' id='word_1_39' title='bbox 1193 853 1252 910; x_wconf 87' lang='lat' dir='ltr'>in</span> <span class='ocrx_word' id='word_1_40' title='bbox 1289 851 1494 911; x_wconf 87' lang='lat' dir='ltr'>animo</span> <span class='ocrx_word' id='word_1_41' title='bbox 1530 894 1550 923; x_wconf 90' lang='lat'><em>,</em></span> <span class='ocrx_word' id='word_1_42' title='bbox 1611 847 1824 910; x_wconf 86' lang='lat' dir='ltr'>scilicet</span> 
     </span>
     <span class='ocr_line' id='line_1_7' title="bbox 437 951 1822 1038; baseline 0 -24"><span class='ocrx_word' id='word_1_43' title='bbox 437 971 699 1014; x_wconf 85' lang='lat' dir='ltr'>mentem</span> <span class='ocrx_word' id='word_1_44' title='bbox 736 957 1076 1015; x_wconf 81' lang='lat' dir='ltr'>acerrimam</span> <span class='ocrx_word' id='word_1_45' title='bbox 1122 974 1250 1038; x_wconf 85' lang='lat' dir='ltr'>quae</span> <span class='ocrx_word' id='word_1_46' title='bbox 1269 952 1429 1014; x_wconf 85' lang='lat' dir='ltr'>estin</span> <span class='ocrx_word' id='word_1_47' title='bbox 1453 952 1657 1012; x_wconf 88' lang='lat' dir='ltr'>animo</span> <span class='ocrx_word' id='word_1_48' title='bbox 1680 951 1822 1014; x_wconf 85' lang='lat' dir='ltr'>ficut</span> 
     </span>
     <span class='ocr_line' id='line_1_8' title="bbox 436 1054 1822 1138; baseline -0.001 -23"><span class='ocrx_word' id='word_1_49' title='bbox 436 1056 657 1138; x_wconf 86' lang='lat' dir='ltr'>pupilla</span> <span class='ocrx_word' id='word_1_50' title='bbox 695 1054 756 1115; x_wconf 85' lang='lat' dir='ltr'>in</span> <span class='ocrx_word' id='word_1_51' title='bbox 801 1060 1012 1136; x_wconf 73' lang='lat' dir='ltr'>ocu105</span> <span class='ocrx_word' id='word_1_52' title='bbox 1054 1061 1291 1119; x_wconf 83' lang='lat' dir='ltr'>tertium</span> <span class='ocrx_word' id='word_1_53' title='bbox 1337 1060 1398 1116; x_wconf 90' lang='lat' dir='ltr'>in</span> <span class='ocrx_word' id='word_1_54' title='bbox 1432 1056 1565 1137; x_wconf 84' lang='lat' dir='ltr'>Elpe</span> <span class='ocrx_word' id='word_1_55' title='bbox 1589 1102 1607 1131; x_wconf 91' lang='lat'>,</span> <span class='ocrx_word' id='word_1_56' title='bbox 1644 1057 1822 1115; x_wconf 86' lang='lat' dir='ltr'>unica</span> 
     </span>
     <span class='ocr_line' id='line_1_9' title="bbox 435 1146 1823 1244; baseline -0.001 -22"><span class='ocrx_word' id='word_1_57' title='bbox 435 1146 563 1222; x_wconf 87' lang='lat' dir='ltr'>filia</span> <span class='ocrx_word' id='word_1_58' title='bbox 577 1207 598 1236; x_wconf 88' lang='lat'><em>,</em></span> <span class='ocrx_word' id='word_1_59' title='bbox 620 1182 798 1244; x_wconf 86' lang='lat' dir='ltr'>quam</span> <span class='ocrx_word' id='word_1_60' title='bbox 835 1165 991 1224; x_wconf 86' lang='lat' dir='ltr'>velut</span> <span class='ocrx_word' id='word_1_61' title='bbox 1012 1165 1252 1222; x_wconf 86' lang='lat' dir='ltr'>unicum</span> <span class='ocrx_word' id='word_1_62' title='bbox 1280 1161 1516 1222; x_wconf 87' lang='lat' dir='ltr'>oculum</span> <span class='ocrx_word' id='word_1_63' title='bbox 1534 1161 1702 1220; x_wconf 89' lang='lat' dir='ltr'>unice</span> <span class='ocrx_word' id='word_1_64' title='bbox 1723 1163 1823 1221; x_wconf 79' lang='lat' dir='ltr'>di-</span> 
     </span>
     <span class='ocr_line' id='line_1_10' title="bbox 436 1261 1821 1346; baseline 0.001 -23"><span class='ocrx_word' id='word_1_65' title='bbox 436 1262 677 1346; x_wconf 80' lang='lat' dir='ltr'>ligebat.</span> <span class='ocrx_word' id='word_1_66' title='bbox 705 1270 852 1346; x_wconf 81' lang='lat' dir='ltr'>Ergo</span> <span class='ocrx_word' id='word_1_67' title='bbox 880 1265 1084 1345; x_wconf 82' lang='lat' dir='ltr'>Ulyslis</span> <span class='ocrx_word' id='word_1_68' title='bbox 1114 1263 1235 1326; x_wconf 88' lang='lat' dir='ltr'>astu</span> <span class='ocrx_word' id='word_1_69' title='bbox 1271 1261 1675 1325; x_wconf 83' lang='lat' dir='ltr'>infelicissimus</span> <span class='ocrx_word' id='word_1_70' title='bbox 1699 1264 1821 1325; x_wconf 88' lang='lat' dir='ltr'>Po-</span> 
     </span>
     <span class='ocr_line' id='line_1_11' title="bbox 435 1367 1821 1450; baseline 0.004 -23"><span class='ocrx_word' id='word_1_71' title='bbox 435 1368 737 1449; x_wconf 85' lang='lat' dir='ltr'>lyphemus</span> <span class='ocrx_word' id='word_1_72' title='bbox 779 1390 894 1429; x_wconf 87' lang='lat' dir='ltr'>non</span> <span class='ocrx_word' id='word_1_73' title='bbox 941 1369 1130 1450; x_wconf 87' lang='lat' dir='ltr'>stipite</span> <span class='ocrx_word' id='word_1_74' title='bbox 1166 1368 1444 1450; x_wconf 72' lang='lat' dir='ltr'>praeusto,</span> <span class='ocrx_word' id='word_1_75' title='bbox 1479 1368 1569 1428; x_wconf 86' lang='lat' dir='ltr'>secl</span> <span class='ocrx_word' id='word_1_76' title='bbox 1593 1367 1821 1433; x_wconf 82' lang='lat' dir='ltr'>meri&amp;</span> 
     </span>
     <span class='ocr_line' id='line_1_12' title="bbox 433 1469 1817 1555; baseline 0.003 -23"><span class='ocrx_word' id='word_1_77' title='bbox 433 1473 653 1532; x_wconf 83' lang='lat' dir='ltr'>amoris</span> <span class='ocrx_word' id='word_1_78' title='bbox 671 1472 841 1552; x_wconf 87' lang='lat' dir='ltr'>ignea</span> <span class='ocrx_word' id='word_1_79' title='bbox 860 1470 914 1533; x_wconf 85' lang='lat' dir='ltr'>vi</span> <span class='ocrx_word' id='word_1_80' title='bbox 935 1474 1111 1532; x_wconf 85' lang='lat' dir='ltr'>tribus</span> <span class='ocrx_word' id='word_1_81' title='bbox 1140 1471 1319 1532; x_wconf 87' lang='lat' dir='ltr'>oculis</span> <span class='ocrx_word' id='word_1_82' title='bbox 1345 1493 1458 1533; x_wconf 87' lang='lat' dir='ltr'>una</span> <span class='ocrx_word' id='word_1_83' title='bbox 1481 1491 1672 1555; x_wconf 82' lang='lat' dir='ltr'>captus</span> <span class='ocrx_word' id='word_1_84' title='bbox 1695 1469 1779 1532; x_wconf 91' lang='lat' dir='ltr'>est</span> <span class='ocrx_word' id='word_1_85' title='bbox 1800 1498 1817 1536; x_wconf 72' lang='grc' dir='ltr'><em>ε</em></span> 
     </span>
     <span class='ocr_line' id='line_1_13' title="bbox 437 1572 1817 1662; baseline -0.001 -28"><span class='ocrx_word' id='word_1_86' title='bbox 437 1593 578 1634; x_wconf 86' lang='lat' dir='ltr'>nam</span> <span class='ocrx_word' id='word_1_87' title='bbox 611 1573 881 1634; x_wconf 83' lang='lat' dir='ltr'>exhausto</span> <span class='ocrx_word' id='word_1_88' title='bbox 925 1576 1210 1662; x_wconf 87' lang='lat' dir='ltr'>incautius</span> <span class='ocrx_word' id='word_1_89' title='bbox 1262 1577 1552 1657; x_wconf 84' lang='lat' dir='ltr'>capaciore</span> <span class='ocrx_word' id='word_1_90' title='bbox 1604 1572 1817 1657; x_wconf 85' lang='lat' dir='ltr'>poculo</span> 
     </span>
     <span class='ocr_line' id='line_1_14' title="bbox 434 1677 1821 1761; baseline -0.001 -23"><span class='ocrx_word' id='word_1_91' title='bbox 434 1678 621 1739; x_wconf 87' lang='lat' dir='ltr'>ebrius</span> <span class='ocrx_word' id='word_1_92' title='bbox 649 1720 669 1751; x_wconf 92' lang='lat'>‚</span> <span class='ocrx_word' id='word_1_93' title='bbox 707 1678 894 1758; x_wconf 88' lang='lat' dir='ltr'>sopori</span> <span class='ocrx_word' id='word_1_94' title='bbox 928 1677 1082 1761; x_wconf 80' lang='lat' dir='ltr'>quali</span> <span class='ocrx_word' id='word_1_95' title='bbox 1109 1679 1268 1741; x_wconf 85' lang='lat' dir='ltr'>letho</span> <span class='ocrx_word' id='word_1_96' title='bbox 1315 1683 1478 1741; x_wconf 90' lang='lat' dir='ltr'>datus</span> <span class='ocrx_word' id='word_1_97' title='bbox 1522 1677 1821 1739; x_wconf 85' lang='lat' dir='ltr'>obdormi-</span> 
     </span>
     <span class='ocr_line' id='line_1_15' title="bbox 434 1780 1818 1866; baseline -0.004 -21"><span class='ocrx_word' id='word_1_98' title='bbox 434 1783 523 1845; x_wconf 82' lang='lat' dir='ltr'>vit</span> <span class='ocrx_word' id='word_1_99' title='bbox 552 1822 573 1852; x_wconf 87' lang='lat'>,</span> <span class='ocrx_word' id='word_1_100' title='bbox 609 1780 853 1843; x_wconf 85' lang='lat' dir='ltr'>luminis</span> <span class='ocrx_word' id='word_1_101' title='bbox 889 1793 942 1845; x_wconf 87' lang='lat'>&amp;</span> <span class='ocrx_word' id='word_1_102' title='bbox 990 1786 1200 1845; x_wconf 83' lang='lat' dir='ltr'>mentis</span> <span class='ocrx_word' id='word_1_103' title='bbox 1239 1786 1439 1866; x_wconf 81' lang='lat' dir='ltr'>vigore</span> <span class='ocrx_word' id='word_1_104' title='bbox 1474 1781 1818 1865; x_wconf 85' lang='lat' dir='ltr'>aliquantis-</span> 
     </span>
     <span class='ocr_line' id='line_1_16' title="bbox 437 1886 1818 1973; baseline 0 -28"><span class='ocrx_word' id='word_1_105' title='bbox 437 1905 539 1968; x_wconf 85' lang='lat' dir='ltr'>per</span> <span class='ocrx_word' id='word_1_106' title='bbox 582 1904 815 1948; x_wconf 87' lang='lat' dir='ltr'>mortuo</span> <span class='ocrx_word' id='word_1_107' title='bbox 840 1908 865 1964; x_wconf 90' lang='lat'>‚·</span> <span class='ocrx_word' id='word_1_108' title='bbox 895 1889 1224 1973; x_wconf 80' lang='lat' dir='ltr'>intereaque</span> <span class='ocrx_word' id='word_1_109' title='bbox 1263 1891 1404 1949; x_wconf 85' lang='lat' dir='ltr'>dum</span> <span class='ocrx_word' id='word_1_110' title='bbox 1457 1886 1767 1950; x_wconf 80' lang='lat' dir='ltr'>edormitet</span> <span class='ocrx_word' id='word_1_111' title='bbox 1794 1927 1818 1962; x_wconf 82' lang='lat'><strong>,</strong></span> 
     </span>
     <span class='ocr_line' id='line_1_17' title="bbox 438 1990 1818 2078; baseline -0.001 -29"><span class='ocrx_word' id='word_1_112' title='bbox 438 1990 683 2050; x_wconf 85' lang='lat' dir='ltr'>dimotis</span> <span class='ocrx_word' id='word_1_113' title='bbox 725 1993 876 2054; x_wconf 86' lang='lat' dir='ltr'>antri</span> <span class='ocrx_word' id='word_1_114' title='bbox 931 1994 1214 2078; x_wconf 84' lang='lat' dir='ltr'>repagulis</span> <span class='ocrx_word' id='word_1_115' title='bbox 1264 1990 1484 2075; x_wconf 82' lang='lat' dir='ltr'>Ulyffes</span> <span class='ocrx_word' id='word_1_116' title='bbox 1522 2011 1638 2050; x_wconf 87' lang='lat' dir='ltr'>una</span> <span class='ocrx_word' id='word_1_117' title='bbox 1678 2009 1818 2050; x_wconf 86' lang='lat' dir='ltr'>cum</span> 
     </span>
     <span class='ocr_line' id='line_1_18' title="bbox 439 2092 1820 2180; baseline -0.001 -26"><span class='ocrx_word' id='word_1_118' title='bbox 439 2094 553 2154; x_wconf 89' lang='lat' dir='ltr'>suis</span> <span class='ocrx_word' id='word_1_119' title='bbox 587 2096 755 2158; x_wconf 81' lang='lat' dir='ltr'>evafit</span> <span class='ocrx_word' id='word_1_120' title='bbox 790 2125 806 2162; x_wconf 72' lang='grc' dir='ltr'><strong><em>ε</em></strong></span> <span class='ocrx_word' id='word_1_121' title='bbox 842 2098 884 2156; x_wconf 82' lang='lat' dir='ltr'>ii</span> <span class='ocrx_word' id='word_1_122' title='bbox 918 2119 1055 2159; x_wconf 80' lang='lat' dir='ltr'>vero</span> <span class='ocrx_word' id='word_1_123' title='bbox 1083 2100 1368 2180; x_wconf 86' lang='lat' dir='ltr'>fugientes</span> <span class='ocrx_word' id='word_1_124' title='bbox 1389 2095 1570 2175; x_wconf 85' lang='lat' dir='ltr'>Elpen</span> <span class='ocrx_word' id='word_1_125' title='bbox 1598 2092 1820 2159; x_wconf 71' lang='lat' dir='ltr'>amotis</span> 
     </span>
     <span class='ocr_line' id='line_1_19' title="bbox 442 2197 1576 2281; baseline -0.003 -20"><span class='ocrx_word' id='word_1_126' title='bbox 442 2197 622 2261; x_wconf 83' lang='lat' dir='ltr'>oestro</span> <span class='ocrx_word' id='word_1_127' title='bbox 657 2203 932 2281; x_wconf 85' lang='lat' dir='ltr'>percitam</span> <span class='ocrx_word' id='word_1_128' title='bbox 972 2199 1159 2260; x_wconf 85' lang='lat' dir='ltr'>fecum</span> <span class='ocrx_word' id='word_1_129' title='bbox 1195 2204 1576 2260; x_wconf 85' lang='lat' dir='ltr'>abduxerunt.</span> 
     </span>
    </p>
   </div>
   <div class='ocr_carea' id='block_1_3' title="bbox 708 2349 1748 2438">
    <p class='ocr_par' dir='ltr' id='par_1_3' title="bbox 708 2349 1748 2438">
     <span class='ocr_line' id='line_1_20' title="bbox 708 2349 1748 2438; baseline -0.008 -16"><span class='ocrx_word' id='word_1_130' title='bbox 708 2357 826 2438; x_wconf 67' lang='grc' dir='ltr'>πυρὶ</span> <span class='ocrx_word' id='word_1_131' title='bbox 848 2355 1075 2437; x_wconf 64' lang='grc' dir='ltr'><em>ε’ρω7ικᾷ</em></span> <span class='ocrx_word' id='word_1_132' title='bbox 1096 2349 1299 2423; x_wconf 69' lang='lat' dir='ltr'><em>’&#39;Emm</em></span> <span class='ocrx_word' id='word_1_133' title='bbox 1319 2356 1415 2422; x_wconf 68' lang='grc' dir='ltr'>τιῖν</span> <span class='ocrx_word' id='word_1_134' title='bbox 1443 2349 1714 2432; x_wconf 72' lang='grc' dir='ltr'>Θυγατέροι</span> <span class='ocrx_word' id='word_1_135' title='bbox 1725 2350 1748 2423; x_wconf 66' lang='grc' dir='ltr'>,ζ</span> 
     </span>
    </p>
   </div>
   <div class='ocr_carea' id='block_1_4' title="bbox 590 2478 1727 2566">
    <p class='ocr_par' dir='ltr' id='par_1_4' title="bbox 590 2478 1727 2566">
     <span class='ocr_line' id='line_1_21' title="bbox 590 2478 1727 2566; baseline -0.003 -19"><span class='ocrx_word' id='word_1_136' title='bbox 590 2483 698 2552; x_wconf 67' lang='grc' dir='ltr'>’Ἦν</span> <span class='ocrx_word' id='word_1_137' title='bbox 720 2482 837 2566; x_wconf 76' lang='grc' dir='ltr'>εἶχε</span> <span class='ocrx_word' id='word_1_138' title='bbox 859 2479 1049 2563; x_wconf 68' lang='grc' dir='ltr'><strong><em>τρὸπον</em></strong></span> <span class='ocrx_word' id='word_1_139' title='bbox 1069 2479 1336 2564; x_wconf 66' lang='grc' dir='ltr'>ὅφθαλμέ,</span> <span class='ocrx_word' id='word_1_140' title='bbox 1370 2478 1727 2563; x_wconf 51' lang='lat' dir='ltr'>&amp;molem-req.</span> 
     </span>
    </p>
   </div>
   <div class='ocr_carea' id='block_1_5' title="bbox 432 2645 1824 2733">
    <p class='ocr_par' dir='ltr' id='par_1_5' title="bbox 432 2645 1824 2733">
     <span class='ocr_line' id='line_1_22' title="bbox 432 2645 1824 2733; baseline -0.007 -16"><span class='ocrx_word' id='word_1_141' title='bbox 432 2667 512 2725; x_wconf 72' lang='lat' dir='ltr'>&#39;ut</span> <span class='ocrx_word' id='word_1_142' title='bbox 574 2645 657 2715; x_wconf 86' lang='lat' dir='ltr'>est</span> <span class='ocrx_word' id='word_1_143' title='bbox 727 2648 880 2733; x_wconf 83' lang='lat' dir='ltr'>apud</span> <span class='ocrx_word' id='word_1_144' title='bbox 958 2647 1252 2729; x_wconf 73' lang='lat' dir='ltr'>Ioannem</span> <span class='ocrx_word' id='word_1_145' title='bbox 1305 2647 1601 2711; x_wconf 77' lang='lat' dir='ltr'>Tzetzem.</span> <span class='ocrx_word' id='word_1_146' title='bbox 1675 2645 1824 2721; x_wconf 61' lang='lat' dir='ltr'>Tres</span> 
     </span>
    </p>
   </div>
  </div>
 </body>
</html>
