2065 3396
490 176 689 278 xviij.
747 185 887 252 DE
940 177 1312 252 SATIRA
1342 177 1692 253 IUVEN.

487 328 549 389 bi
586 330 693 389 suae
730 323 923 389 cauffae
960 327 1219 410 judicem
1256 327 1381 388 dari
1428 325 1903 392 ambitiofiffim&

464 430 884 514 ,postulassent-
916 506 919 507 ⁷

553 559 761 643 Itaque
783 559 894 621 hoc
913 557 1177 641 primum
1190 579 1259 620 ex
1277 558 1640 636 Quintiliani
1656 559 1896 620 doctri-

470 685 566 725 ·na
592 664 946 729 veriffimum
992 662 1099 724 effe
1123 665 1439 744 pertendo,
1480 666 1742 728 Satiram
1775 684 1884 726 to-

487 784 611 832 tam
641 767 746 830 effe
779 775 1147 841 Romanam,
1189 767 1422 850 ejusque
1454 770 1751 852 originem
1803 772 1880 831 ab

465 875 739 954 'Satyrica
778 873 1116 936 Graecorum
1159 870 1309 954 poefi
1349 873 1673 933 nullatenus
1705 894 1873 954 repe-

480 981 742 1042 tendam.
778 980 852 1039 Id
873 998 1071 1040 autem
1091 979 1184 1040 vel
1213 979 1472 1040 maxime
1497 978 1721 1060 probari
1749 982 1871 1039 mi-

474 1083 540 1143 hi
583 1082 804 1145 videtur
820 1128 840 1157 ,
863 1083 1025 1166 quod
1068 1105 1285 1146 nomen
1312 1081 1504 1164 ipsum
1528 1085 1728 1144 Satitae
1754 1083 1869 1146 five

476 1192 693 1251 Saturae
737 1188 798 1250 fit
848 1209 986 1271 pura
1021 1190 1227 1250 Latina
1266 1210 1379 1251 vox
1421 1188 1455 1247 ὲ
1490 1186 1867 1252 vetustissimis

472 1297 803 1358 auctoribus
828 1316 933 1377 pro
948 1295 1256 1356 sarcimine
1273 1296 1547 1375 primitus
1568 1295 1867 1379 usurpata:

468 1401 633 1459 unde
662 1409 722 1460 ὅ(
765 1400 1090 1460 multorum
1123 1419 1188 1460 ac
1218 1398 1573 1461 diversorum
1588 1401 1850 1480 capitum

466 1502 631 1586 leges
670 1514 725 1566 δε
747 1504 1073 1584 complures
1104 1504 1304 1565 diverfi
1345 1504 1569 1586 generis
1594 1501 1859 1565 historias

438 1605 442 1609 ’
470 1606 834 1688 appellavere
858 1606 1091 1668 Satires.
1131 1609 1246 1668 Sed
1264 1628 1395 1668 ante
1421 1606 1535 1666 haec
1562 1609 1767 1666 omnia
1788 1608 1861 1667 ab

470 1713 678 1773 eadem
694 1711 1020 1774 farciminis
1031 1710 1451 1795 significatione
1457 1707 1734 1785 jocularia
1743 1714 1861 1793 pri·

473 1812 638 1878 mhm
654 1818 1003 1896 dejestandae
1025 1818 1172 1899 plebi
1189 1821 1467 1878 Romanae
1484 1857 1506 1887 ,
1529 1837 1662 1876 mox
1688 1817 1858 1881 diste-

469 1924 555 1983 ria
572 1927 840 2007 quaedam
864 1912 1163 2005 carpendis
1179 1942 1243 1982 ac
1264 1920 1642 1983 describendis
1678 1924 1857 1984 mori-

470 2026 575 2087 bus
597 2028 910 2110 compofita
931 2032 1144 2091 Satiras
1162 2029 1485 2090 vocitabant
1504 2029 1735 2112 ‚easque
1755 2078 1771 2105 ‚
1790 2048 1853 2092 ut

463 2134 548 2192 ait
564 2134 1061 2215 LiviuS,impletas
1082 2138 1276 2196 modis
1292 2135 1573 2215 descripto
1585 2138 1657 2195 ad
1675 2134 1856 2196 tibici-

464 2257 605 2296 nem
625 2258 797 2298 cantu
824 2257 1106 2317 motuque
1126 2241 1468 2318 congruenti
1494 2238 1851 2317 peragebant.

546 2343 618 2401 Et
642 2342 760 2402 haec
779 2342 1007 2423 jocandi
1038 2338 1229 2400 forma
1265 2338 1427 2400 nullo
1450 2340 1589 2399 certi
1613 2339 1847 2416 alicujus

462 2446 795 2527 argumenti
824 2439 942 2506 fine
970 2442 1364 2508 continebatur
1385 2484 1408 2517 ,
1431 2442 1524 2505 sed
1548 2462 1666 2505 etat
1687 2447 1843 2509 varia

458 2569 693 2613 morum
735 2549 1026 2635 farragine
1051 2547 1311 2613 conferta
1347 2558 1403 2614 δε
1440 2550 1597 2633 quasi
1621 2551 1843 2622 fetura:
