2065 3396
445 274 558 332 ro‘o
639 275 720 330 D.
780 269 1037 335 IUNH
1082 264 1638 332 IUVENALIS

437 402 489 452 Α
522 394 666 447 nobis
682 427 700 457 ‚
725 388 920 447 taceant
944 395 1060 446 ini:
1084 393 1168 447 sed
1198 395 1409 460 prodere
1435 383 1658 444 malunt‘

434 487 723 541 Arcanum,
756 496 906 544 quam
936 483 1154 549 subrepti
1181 499 1353 550 potare
1377 481 1614 540 Faxemi,

430 572 530 623 Pro
549 569 733 632 populo
747 567 933 617 faciens
959 584 1201 632 quantum
1217 568 1410 622 Saufeia
1435 563 1656 618 bibebat.

427 656 880 711 vivendum‘reQe
896 657 961 706 est
975 671 1092 706 curn
1116 670 1313 720 propter
1331 657 1549 719 plurima
1563 684 1580 715 ,
1599 668 1719 705 tunc
1730 641 1818 705 hie⁸

429 747 682 810 Praecipue
711 746 907 802 caustis,
942 758 996 795 ut
1029 744 1227 810 linguas
1256 742 1628 805 mancipiorum

430 840 773 888 Contemnas:
799 847 917 883 nam
933 830 1105 894 lingua
1122 831 1247 880 mali
1262 845 1370 894 pars
1386 831 1587 895 pessima
1600 827 1752 882 servi.

427 919 671 973 Deterior
701 933 869 969 tamen
899 920 1010 978 hic,
1044 919 1131 982 qui
1156 918 1283 971 liber
1316 936 1418 969 non
1445 920 1542 970 erit
1566 917 1675 969 illis

427 1010 666 1073 Qornrn
686 1007 877 1059 animas
896 1008 949 1059 δε
982 1009 1109 1058 farte
1124 1004 1213 1057 suo
1231 1006 1441 1059 custodit
1454 1038 1471 1068 ‚
1505 1006 1558 1057 &
1580 1020 1703 1059 aere·

493 1183 682 1235 Iccirco
708 1195 764 1231 ut
787 1180 959 1245 poffirn
988 1183 1217 1249 linguam
1232 1197 1560 1234 contemnere
1581 1180 1747 1243 servi,

427 1274 575 1324 Utile
604 1269 869 1323 consilium
898 1269 1056 1320 modo
1071 1301 1089 1331 ‚
1117 1269 1200 1322 sed
1221 1284 1493 1323 commune
1510 1268 1750 1328 ‚dedistit

427 1363 586 1417 Nunc
607 1361 737 1413 mihi
763 1357 885 1422 quid
922 1358 1092 1410 suades
1120 1363 1222 1426 post
1247 1361 1492 1412 damnum
1518 1357 1763 1424 temporis
1788 1388 1814 1421 ‚

712 1448 766 1497 δε
799 1444 903 1509 spes

427 1539 675 1600 Deceptas
697 1537 719 1584 ?
747 1534 960 1584 Festinat
984 1535 1134 1585 enim‘
1160 1534 1421 1586 decurrere
1457 1537 1616 1586 velox

425 1620 679 1673 flosculus
698 1620 906 1684 angustae
921 1650 936 1675 ‚
971 1619 1264 1684 miseratque
1288 1620 1567 1673 brevissitna
1593 1608 1715 1671 vitae

429 1708 606 1765 Portio
634 1725 647 1757 ε
684 1704 808 1756 dum
835 1703 1055 1757 bibimus
1083 1739 1100 1769 ‚
1144 1708 1272 1761 dum
1300 1709 1429 1762 serta
1454 1737 1472 1768 ‚
1509 1719 1764 1771 unguenta
1785 1732 1811 1769 2

539 1858 543 1861 .
709 1794 899 1858 puellas

427 1883 682 1948 L’oscimus
696 1915 714 1945 ‚
740 1880 937 1948 obrepit
969 1896 1075 1932 non
1099 1882 1357 1939 intellecta
1380 1881 1622 1935 senectus·

478 2059 568 2113 Ne
589 2055 796 2121 trepida,
812 2074 1063 2123 nunquam
1080 2059 1299 2123 pathicus
1309 2056 1403 2109 tibi
1419 2057 1580 2109 deerit
1593 2057 1807 2122 amicus,

426 2146 676 2202 stantibus
691 2179 706 2205 ‚
728 2149 780 2198 δε
796 2144 942 2200 salvis
957 2148 1038 2202 his
1052 2147 1261 2199 collibus
1278 2165 1291 2195 t
1310 2147 1528 2210 undique
1543 2146 1606 2198 ad
1618 2147 1740 2199 illos

428 2234 757 2289 convenient
784 2235 839 2283 86
859 2237 1102 2299 carpentis
1116 2267 1133 2295 ,
1164 2239 1219 2288 δε
1247 2234 1453 2288 navibus
1483 2252 1663 2287 ornnes
1675 2266 1695 2298 ‚

426 2325 535 2386 Qii
550 2323 717 2388 digito
732 2321 950 2387 scalpunt
963 2339 1066 2373 uno
1081 2339 1240 2389 caput.
1276 2328 1456 2380 Altera
1488 2325 1654 2389 maior
1755 2327 1770 2337 ”

429 2413 546 2474 Spes
565 2406 768 2471 superest
779 2437 798 2468 ,
829 2422 886 2459 tu
914 2427 1112 2463 tanturn
1126 2414 1284 2465 erucis
1298 2414 1540 2480 imprime
1570 2412 1806 2470 dentem.

485 2584 613 2633 Haec
640 2584 873 2647 exempia
887 2571 1241 2647 peta'felicibus
1256 2614 1272 2643 ‚
1300 2598 1351 2636 at
1375 2600 1490 2636 mea
1516 2588 1713 2642 Clotho

424 2674 488 2723 Et
507 2667 732 2722 Lachefis
747 2672 966 2734 gaudent
979 2701 998 2732 ‚
1018 2670 1056 2722 fi
1068 2670 1274 2739 pascitur
1294 2672 1508 2741 inguine
1536 2689 1740 2733 venter·
