2065 3396
430 262 542 316 ¹28
624 270 712 325 D.
772 277 1057 340 IUNII
1102 290 1665 357 IUVENALIS

416 379 524 430 1er
540 414 557 442 2
586 387 645 435 δί
665 407 693 439 a
718 401 905 458 grandi
930 409 1105 464 cervix
1126 415 1358 467 ferienda
1375 421 1603 473 ministro
1623 454 1641 484 ,

418 463 503 514 Ob
535 471 769 529 reditum
806 489 1098 551 trepidantis
1117 497 1281 552 adhuc
1297 533 1315 562 ‚
1336 504 1680 573 horrendaque
1705 513 1823 577 Paffi

420 554 603 618 Nuper
622 589 642 619 ,
669 564 729 613 δε
753 568 1071 628 incolumem
1093 580 1196 635 sese
1220 589 1461 643 mirantis
1484 598 1659 648 amici.

342 649 347 708 j
418 639 563 690 Nam
593 658 781 707 praeter
811 663 978 727 pelagi
1007 665 1171 726 casus,
1207 674 1263 722 δε
1291 679 1505 743 fulguris
1527 683 1687 736 ieram

415 724 559 777 Evafi
577 755 595 787 ‚
622 730 794 790 densae
820 750 1026 799 Coelum
1059 750 1367 815 abscondere
1395 768 1614 821 tenebrae

417 809 572 865 Nube
600 833 733 883 una,
757 827 1034 897 subitusque
1061 854 1333 899 antemnas
1357 852 1564 918 impulit
1590 860 1726 924 ignis
1742 892 1762 923 ‚

413 903 551 951 cum
568 899 619 951 se
638 910 845 975 quisque
860 921 957 972 illo
973 917 1250 986 percussum
1266 939 1496 994 crederet
1509 974 1525 1003 ,
1537 946 1599 996 Δδε
1619 964 1754 1001 mox

414 990 687 1044 Attonitus
720 1004 920 1057 nullum
942 1013 1159 1064 conferri
1191 1024 1327 1080 posse
1355 1040 1550 1092 putaret
1765 1025 1768 1028 ¹

408 1077 753 1141 Naufragium
780 1092 910 1142 velis
939 1093 1249 1154 ardentibus,
1288 1111 1485 1163 Omnia
1514 1112 1652 1169 fiunt

412 1162 564 1216 Talia
582 1193 599 1222 ‚
620 1178 728 1218 tam
751 1179 973 1236 graviter
989 1212 1006 1241 ‚
1034 1181 1070 1232 fi
1095 1191 1300 1245 quando
1320 1196 1514 1257 poetica
1533 1199 1699 1268 surgit

408 1254 714 1315 Tempestas·
748 1262 922 1313 Genus
934 1281 1047 1320 ecce
1065 1271 1207 1322 aliud
1222 1275 1536 1334 discriminis
1555 1302 1568 1333 ε
1588 1290 1710 1340 audi
1723 1321 1744 1350 ‚

408 1341 477 1392 Et
511 1336 751 1395 miserere
778 1347 965 1401 iterum
982 1383 1000 1413 ,
1042 1369 1326 1421 quanquam
1357 1366 1454 1419 fint
1470 1386 1636 1425 cetera
1653 1376 1828 1434 sortis.

410 1425 648 1493 Eiusdem
662 1461 678 1488 2
709 1447 817 1495 pars
835 1436 946 1489 dira
963 1440 1172 1501 quidem
1195 1477 1213 1507 ‚
1238 1447 1328 1501 sed
1345 1456 1558 1519 cognita
1567 1464 1753 1515 multis
1784 1497 1812 1529 ,

407 1525 472 1576 Et
501 1532 651 1581 quam
682 1524 858 1575 votiva
885 1528 1120 1578 testantur
1144 1534 1260 1584 fana
1294 1537 1480 1592 tabella

401 1607 629 1666 Plurima
645 1635 663 1663 ‚
681 1608 894 1670 pistores
919 1617 1028 1677 quis
1047 1616 1202 1670 nescit
1220 1620 1282 1672 ab
1301 1624 1430 1679 Ifide
1450 1630 1577 1693 pasci
1598 1636 1626 1686 ἓ

402 1690 611 1752 Accidit
640 1693 694 1742 δε
716 1698 878 1748 nostro
914 1697 1094 1751 firnilis
1113 1706 1317 1761 fortuna
1336 1718 1562 1768 Catullo.

397 1789 537 1839 Cum
559 1783 731 1845 plenus
747 1781 900 1836 fluau
919 1788 1114 1838 medius
1133 1793 1267 1846 foret
1281 1800 1451 1852 alveus
1470 1833 1488 1862 ,
1511 1805 1561 1854 &
1577 1805 1682 1868 iam
1704 1839 1727 1873 ‚

396 1876 677 1929 Alternum
706 1873 872 1936 puppis
903 1876 1026 1925 latus
1056 1882 1400 1936 evertentibus
1426 1889 1576 1941 undis

395 1962 613 2021 Arboris
637 1961 871 2017 incertae,
902 1964 1095 2013 nullam
1120 1967 1388 2027 prudentia
1422 1977 1535 2026 cani

394 2049 627 2108 Restoris
653 2050 902 2100 conferret
928 2066 1077 2115 opem
1094 2082 1111 2111 ‚
1137 2050 1372 2110 decidere
1410 2061 1542 2124 iaetu

393 2143 572 2208 Coepit
591 2132 705 2190 curn
738 2138 932 2195 ventis,
961 2138 1188 2189 imitatus
1215 2146 1451 2211 Castora,
1485 2153 1572 2215 qni
1596 2153 1650 2207 se

390 2233 689 2288 Eunuchum
720 2226 822 2292 ipse
837 2226 956 2277 facit
970 2257 987 2286 ‚
1006 2229 1206 2291 cupiens
1226 2234 1442 2288 evadere
1467 2241 1659 2295 damno

394 2319 767 2375 ‘resticulorum
785 2334 802 2379 3
823 2314 947 2366 adeo
965 2314 1273 2367 medicatum
1286 2323 1543 2392 intelligit
1559 2331 1786 2398 inguen.

394 2408 614 2464 fundite
661 2420 767 2470 quae
811 2419 926 2454 mea
961 2402 1073 2453 sunt
1109 2434 1127 2464 ‚
1160 2403 1355 2462 dicebat
1383 2449 1403 2475 ‚
1453 2419 1628 2470 cuneta
1670 2428 1785 2477 Ca-

704 2495 859 2546 tullus
879 2525 899 2555 ‚

387 2588 702 2656 Praecipitare
718 2587 895 2639 volens
913 2583 1067 2634 etiam
1084 2580 1417 2646 pulcherrima
1434 2621 1451 2650 ‚
1465 2594 1658 2644 vestem

383 2681 727 2750 Purpuream,
754 2674 939 2730 teneris
968 2684 1162 2736 quoque
1181 2675 1530 2730 Maecenatibus
1548 2696 1726 2746 aptam
1751 2715 1790 2756 ‚⁵
