<?xml version="1.0" encoding="UTF-8"?>
<!DOCTYPE html PUBLIC "-//W3C//DTD XHTML 1.0 Transitional//EN"
    "http://www.w3.org/TR/xhtml1/DTD/xhtml1-transitional.dtd">
<html xmlns="http://www.w3.org/1999/xhtml" xml:lang="en" lang="en">
 <head>
  <title>
</title>
<meta http-equiv="Content-Type" content="text/html;charset=utf-8" />
  <meta name='ocr-system' content='tesseract 3.04.00' />
  <meta name='ocr-capabilities' content='ocr_page ocr_carea ocr_par ocr_line ocrx_word'/>
</head>
<body>
  <div class='ocr_page' id='page_1' title='image "./deciijuniijuven00juvegoog_0055.png"; bbox 0 0 2065 3396; ppageno 0'>
   <div class='ocr_carea' id='block_1_1' title="bbox 424 190 1613 296">
    <p class='ocr_par' dir='ltr' id='par_1_1' title="bbox 424 190 1613 296">
     <span class='ocr_line' id='line_1_1' title="bbox 424 190 1613 296; baseline -0.001 -28"><span class='ocrx_word' id='word_1_1' title='bbox 424 190 1351 279; x_wconf 70' lang='lat' dir='ltr'><strong>DISSERTATJo.</strong></span> <span class='ocrx_word' id='word_1_2' title='bbox 1440 192 1613 296; x_wconf 59' lang='lat' dir='ltr'><strong>aiij</strong></span> 
     </span>
    </p>
   </div>
   <div class='ocr_carea' id='block_1_2' title="bbox 216 371 1670 2637">
    <p class='ocr_par' dir='ltr' id='par_1_2' title="bbox 216 371 1670 1293">
     <span class='ocr_line' id='line_1_2' title="bbox 216 371 1670 458; baseline 0.006 -27"><span class='ocrx_word' id='word_1_3' title='bbox 216 387 356 431; x_wconf 80' lang='lat' dir='ltr'><strong>tum</strong></span> <span class='ocrx_word' id='word_1_4' title='bbox 400 373 631 432; x_wconf 85' lang='lat' dir='ltr'><strong>animos</strong></span> <span class='ocrx_word' id='word_1_5' title='bbox 657 371 1031 458; x_wconf 60' lang='lat' dir='ltr'><strong>oppresserat,</strong></span> <span class='ocrx_word' id='word_1_6' title='bbox 1076 374 1409 439; x_wconf 73' lang='lat' dir='ltr'><strong>vehementi</strong></span> <span class='ocrx_word' id='word_1_7' title='bbox 1456 379 1615 439; x_wconf 83' lang='lat' dir='ltr'><strong>indi-</strong></span> <span class='ocrx_word' id='word_1_8' title='bbox 1665 399 1670 405; x_wconf 89' lang='lat'><strong>·</strong></span> 
     </span>
     <span class='ocr_line' id='line_1_3' title="bbox 219 478 1618 562; baseline 0.006 -26"><span class='ocrx_word' id='word_1_9' title='bbox 219 478 549 559; x_wconf 81' lang='lat' dir='ltr'><strong>gnatione,</strong></span> <span class='ocrx_word' id='word_1_10' title='bbox 580 495 861 562; x_wconf 82' lang='lat' dir='ltr'>tanquam</span> <span class='ocrx_word' id='word_1_11' title='bbox 908 480 1410 557; x_wconf 84' lang='lat' dir='ltr'><strong>sternutamento,</strong></span> <span class='ocrx_word' id='word_1_12' title='bbox 1435 483 1618 545; x_wconf 87' lang='lat' dir='ltr'><strong>discu-</strong></span> 
     </span>
     <span class='ocr_line' id='line_1_4' title="bbox 220 570 1615 669; baseline 0.004 -26"><span class='ocrx_word' id='word_1_13' title='bbox 220 601 464 649; x_wconf 85' lang='lat' dir='ltr'><strong>teretur.</strong></span> <span class='ocrx_word' id='word_1_14' title='bbox 506 589 670 664; x_wconf 80' lang='lat' dir='ltr'><strong>Nam</strong></span> <span class='ocrx_word' id='word_1_15' title='bbox 721 587 883 668; x_wconf 87' lang='lat' dir='ltr'><strong>quod</strong></span> <span class='ocrx_word' id='word_1_16' title='bbox 932 585 1095 646; x_wconf 87' lang='lat' dir='ltr'><strong>aliud</strong></span> <span class='ocrx_word' id='word_1_17' title='bbox 1139 570 1325 669; x_wconf 45' lang='lat' dir='ltr'><strong>fuiffe&#39;</strong></span> <span class='ocrx_word' id='word_1_18' title='bbox 1358 587 1615 649; x_wconf 84' lang='lat' dir='ltr'><strong>dicemus</strong></span> 
     </span>
     <span class='ocr_line' id='line_1_5' title="bbox 218 688 1617 773; baseline 0.003 -24"><span class='ocrx_word' id='word_1_19' title='bbox 218 688 536 751; x_wconf 84' lang='lat' dir='ltr'><strong>confilium</strong></span> <span class='ocrx_word' id='word_1_20' title='bbox 568 688 1043 752; x_wconf 71' lang='lat' dir='ltr'><strong>sanffiffimorum</strong></span> <span class='ocrx_word' id='word_1_21' title='bbox 1081 695 1355 765; x_wconf 83' lang='lat' dir='ltr'><strong>Parrum,</strong></span> <span class='ocrx_word' id='word_1_22' title='bbox 1395 691 1498 773; x_wconf 88' lang='lat' dir='ltr'><strong>qui</strong></span> <span class='ocrx_word' id='word_1_23' title='bbox 1530 709 1617 753; x_wconf 86' lang='lat' dir='ltr'><strong>tot</strong></span> 
     </span>
     <span class='ocr_line' id='line_1_6' title="bbox 221 789 1620 877; baseline 0.002 -25"><span class='ocrx_word' id='word_1_24' title='bbox 221 789 486 853; x_wconf 83' lang='lat' dir='ltr'><strong>nefanda</strong></span> <span class='ocrx_word' id='word_1_25' title='bbox 523 811 592 854; x_wconf 86' lang='lat' dir='ltr'><strong>ac</strong></span> <span class='ocrx_word' id='word_1_26' title='bbox 635 792 963 856; x_wconf 85' lang='lat' dir='ltr'><strong>detestanda</strong></span> <span class='ocrx_word' id='word_1_27' title='bbox 989 793 1232 857; x_wconf 80' lang='lat' dir='ltr'><strong>Po‘e’ticae</strong></span> <span class='ocrx_word' id='word_1_28' title='bbox 1279 793 1620 877; x_wconf 83' lang='lat' dir='ltr'><strong>Theologiae</strong></span> 
     </span>
     <span class='ocr_line' id='line_1_7' title="bbox 224 894 1622 980; baseline 0.002 -24"><span class='ocrx_word' id='word_1_29' title='bbox 224 894 497 956; x_wconf 85' lang='lat' dir='ltr'><strong>misteria</strong></span> <span class='ocrx_word' id='word_1_30' title='bbox 553 897 735 959; x_wconf 82' lang='lat' dir='ltr'><strong>verbis</strong></span> <span class='ocrx_word' id='word_1_31' title='bbox 780 901 961 960; x_wconf 87' lang='lat' dir='ltr'><strong>etiam</strong></span> <span class='ocrx_word' id='word_1_32' title='bbox 1004 895 1441 962; x_wconf 80' lang='lat' dir='ltr'><strong>obscoeniffimis</strong></span> <span class='ocrx_word' id='word_1_33' title='bbox 1481 919 1622 980; x_wconf 87' lang='lat' dir='ltr'><strong>ape-</strong></span> 
     </span>
     <span class='ocr_line' id='line_1_8' title="bbox 225 1001 1621 1085; baseline 0 -23"><span class='ocrx_word' id='word_1_34' title='bbox 225 1009 522 1063; x_wconf 76' lang='lat' dir='ltr'><strong>ruerunt?</strong></span> <span class='ocrx_word' id='word_1_35' title='bbox 563 1006 732 1064; x_wconf 84' lang='lat' dir='ltr'><strong>Certe</strong></span> <span class='ocrx_word' id='word_1_36' title='bbox 777 1024 900 1065; x_wconf 86' lang='lat' dir='ltr'><strong>non</strong></span> <span class='ocrx_word' id='word_1_37' title='bbox 928 1006 1123 1065; x_wconf 86' lang='lat' dir='ltr'><strong>minus</strong></span> <span class='ocrx_word' id='word_1_38' title='bbox 1171 1007 1381 1085; x_wconf 89' lang='lat' dir='ltr'><strong>pudeat</strong></span> <span class='ocrx_word' id='word_1_39' title='bbox 1429 1001 1621 1084; x_wconf 72' lang='lat' dir='ltr'><strong>legisse</strong></span> 
     </span>
     <span class='ocr_line' id='line_1_9' title="bbox 228 1107 1623 1192; baseline -0.002 -23"><span class='ocrx_word' id='word_1_40' title='bbox 228 1107 590 1177; x_wconf 81' lang='lat' dir='ltr'><strong>Naevolum‚</strong></span> <span class='ocrx_word' id='word_1_41' title='bbox 620 1128 797 1192; x_wconf 87' lang='lat' dir='ltr'><strong>quam</strong></span> <span class='ocrx_word' id='word_1_42' title='bbox 837 1111 902 1170; x_wconf 83' lang='lat' dir='ltr'><strong>in</strong></span> <span class='ocrx_word' id='word_1_43' title='bbox 927 1112 1131 1191; x_wconf 83' lang='lat' dir='ltr'><strong>quinta</strong></span> <span class='ocrx_word' id='word_1_44' title='bbox 1160 1109 1402 1169; x_wconf 78' lang='lat' dir='ltr'><strong>Arnobii</strong></span> <span class='ocrx_word' id='word_1_45' title='bbox 1432 1109 1623 1187; x_wconf 85' lang='lat' dir='ltr'><strong>dispu-</strong></span> 
     </span>
     <span class='ocr_line' id='line_1_10' title="bbox 223 1211 1618 1293; baseline -0.001 -22"><span class='ocrx_word' id='word_1_46' title='bbox 223 1213 458 1271; x_wconf 82' lang='lat' dir='ltr'><strong>tatione</strong></span> <span class='ocrx_word' id='word_1_47' title='bbox 479 1211 896 1292; x_wconf 85' lang='lat' dir='ltr'><strong>Ityphallorum</strong></span> <span class='ocrx_word' id='word_1_48' title='bbox 938 1214 1277 1274; x_wconf 73' lang='lat' dir='ltr'><strong>Graecorum</strong></span> <span class='ocrx_word' id='word_1_49' title='bbox 1303 1213 1618 1293; x_wconf 84' lang='lat' dir='ltr'><strong>originem.</strong></span> 
     </span>
    </p>

    <p class='ocr_par' dir='ltr' id='par_1_3' title="bbox 234 1315 1645 2637">
     <span class='ocr_line' id='line_1_11' title="bbox 316 1315 1624 1399; baseline 0 -22"><span class='ocrx_word' id='word_1_50' title='bbox 316 1315 672 1399; x_wconf 82' lang='lat' dir='ltr'><strong>Plerumque</strong></span> <span class='ocrx_word' id='word_1_51' title='bbox 692 1337 890 1379; x_wconf 84' lang='lat' dir='ltr'><strong>autem</strong></span> <span class='ocrx_word' id='word_1_52' title='bbox 917 1337 1063 1398; x_wconf 86' lang='lat' dir='ltr'><strong>quos</strong></span> <span class='ocrx_word' id='word_1_53' title='bbox 1084 1321 1152 1379; x_wconf 92' lang='lat' dir='ltr'><strong>ab</strong></span> <span class='ocrx_word' id='word_1_54' title='bbox 1177 1319 1337 1379; x_wconf 88' lang='lat' dir='ltr'><strong>rebus</strong></span> <span class='ocrx_word' id='word_1_55' title='bbox 1364 1317 1624 1398; x_wconf 78' lang='lat' dir='ltr'><strong>turpibus</strong></span> 
     </span>
     <span class='ocr_line' id='line_1_12' title="bbox 234 1419 1624 1505; baseline -0.001 -21"><span class='ocrx_word' id='word_1_56' title='bbox 234 1431 294 1484; x_wconf 72' lang='grc' dir='ltr'><strong>ὅ(</strong></span> <span class='ocrx_word' id='word_1_57' title='bbox 334 1421 629 1503; x_wconf 67' lang='lat' dir='ltr'><strong>flagitiosis</strong></span> <span class='ocrx_word' id='word_1_58' title='bbox 661 1443 765 1484; x_wconf 88' lang='lat' dir='ltr'><strong>nec</strong></span> <span class='ocrx_word' id='word_1_59' title='bbox 805 1424 1039 1505; x_wconf 79' lang='lat' dir='ltr'><strong>praemia</strong></span> <span class='ocrx_word' id='word_1_60' title='bbox 1080 1422 1286 1483; x_wconf 81' lang='lat' dir='ltr'><strong>virtuti</strong></span> <span class='ocrx_word' id='word_1_61' title='bbox 1324 1419 1502 1502; x_wconf 67' lang='lat' dir='ltr'><strong>posita</strong></span> <span class='ocrx_word' id='word_1_62' title='bbox 1532 1442 1624 1482; x_wconf 85' lang='lat' dir='ltr'><strong>re-</strong></span> 
     </span>
     <span class='ocr_line' id='line_1_13' title="bbox 235 1524 1626 1610; baseline 0.001 -24"><span class='ocrx_word' id='word_1_63' title='bbox 235 1528 542 1589; x_wconf 85' lang='lat' dir='ltr'><strong>demerant</strong></span> <span class='ocrx_word' id='word_1_64' title='bbox 563 1577 581 1605; x_wconf 88' lang='lat'>,</span> <span class='ocrx_word' id='word_1_65' title='bbox 622 1548 727 1588; x_wconf 90' lang='lat' dir='ltr'><strong>nec</strong></span> <span class='ocrx_word' id='word_1_66' title='bbox 755 1545 947 1606; x_wconf 80' lang='lat' dir='ltr'><strong>poenae</strong></span> <span class='ocrx_word' id='word_1_67' title='bbox 969 1524 1190 1607; x_wconf 82' lang='lat' dir='ltr'><strong>legibus</strong></span> <span class='ocrx_word' id='word_1_68' title='bbox 1219 1529 1487 1610; x_wconf 77' lang='lat' dir='ltr'><strong>irrogatae</strong></span> <span class='ocrx_word' id='word_1_69' title='bbox 1522 1529 1626 1588; x_wconf 74' lang='lat' dir='ltr'><strong>de-</strong></span> 
     </span>
     <span class='ocr_line' id='line_1_14' title="bbox 237 1631 1628 1717; baseline 0.001 -27"><span class='ocrx_word' id='word_1_70' title='bbox 237 1649 561 1692; x_wconf 86' lang='lat' dir='ltr'><strong>terruerant</strong></span> <span class='ocrx_word' id='word_1_71' title='bbox 588 1679 605 1709; x_wconf 88' lang='lat'>,</span> <span class='ocrx_word' id='word_1_72' title='bbox 623 1633 827 1715; x_wconf 85' lang='lat' dir='ltr'><strong>ingens</strong></span> <span class='ocrx_word' id='word_1_73' title='bbox 853 1631 1085 1693; x_wconf 75' lang='lat' dir='ltr'><strong>deteetae</strong></span> <span class='ocrx_word' id='word_1_74' title='bbox 1118 1631 1493 1717; x_wconf 84' lang='lat' dir='ltr'><strong>turpitudinis</strong></span> <span class='ocrx_word' id='word_1_75' title='bbox 1517 1653 1628 1714; x_wconf 90' lang='lat' dir='ltr'><strong>pu·-</strong></span> 
     </span>
     <span class='ocr_line' id='line_1_15' title="bbox 245 1721 1630 1812; baseline -0.001 -16"><span class='ocrx_word' id='word_1_76' title='bbox 245 1738 350 1797; x_wconf 88' lang='lat' dir='ltr'><strong>dor</strong></span> <span class='ocrx_word' id='word_1_77' title='bbox 400 1739 699 1798; x_wconf 75' lang='lat' dir='ltr'><strong>revocavit</strong></span> <span class='ocrx_word' id='word_1_78' title='bbox 736 1769 758 1812; x_wconf 78' lang='lat'>3</span> <span class='ocrx_word' id='word_1_79' title='bbox 811 1749 868 1801; x_wconf 85' lang='lat'>&amp;</span> <span class='ocrx_word' id='word_1_80' title='bbox 908 1721 1200 1800; x_wconf 81' lang='lat' dir='ltr'><strong>Persarum</strong></span> <span class='ocrx_word' id='word_1_81' title='bbox 1250 1736 1630 1799; x_wconf 80' lang='lat' dir='ltr'><strong>foediffimarn</strong></span> 
     </span>
     <span class='ocr_line' id='line_1_16' title="bbox 242 1833 1636 1923; baseline -0.001 -26"><span class='ocrx_word' id='word_1_82' title='bbox 242 1834 453 1922; x_wconf 80' lang='lat' dir='ltr'><strong>fugam</strong></span> <span class='ocrx_word' id='word_1_83' title='bbox 479 1888 496 1916; x_wconf 93' lang='lat'>‚</span> <span class='ocrx_word' id='word_1_84' title='bbox 531 1860 711 1923; x_wconf 81' lang='lat' dir='ltr'><strong>quam</strong></span> <span class='ocrx_word' id='word_1_85' title='bbox 736 1833 858 1901; x_wconf 63' lang='lat' dir='ltr'><strong>¹nei:</strong></span> <span class='ocrx_word' id='word_1_86' title='bbox 900 1839 1215 1923; x_wconf 75' lang='lat' dir='ltr'><strong>disciplinae</strong></span> <span class='ocrx_word' id='word_1_87' title='bbox 1253 1838 1521 1901; x_wconf 82' lang='lat' dir='ltr'><strong>militaris</strong></span> <span class='ocrx_word' id='word_1_88' title='bbox 1547 1837 1636 1897; x_wconf 84' lang='lat' dir='ltr'><strong>sa-</strong></span> 
     </span>
     <span class='ocr_line' id='line_1_17' title="bbox 243 1936 1631 2030; baseline 0 -28"><span class='ocrx_word' id='word_1_89' title='bbox 243 1963 648 2021; x_wconf 87' lang='lat' dir='ltr'><strong>cramentum,</strong></span> <span class='ocrx_word' id='word_1_90' title='bbox 692 1936 796 2006; x_wconf 76' lang='lat' dir='ltr'><strong>nec</strong></span> <span class='ocrx_word' id='word_1_91' title='bbox 835 1944 1006 2006; x_wconf 87' lang='lat' dir='ltr'><strong>fortia</strong></span> <span class='ocrx_word' id='word_1_92' title='bbox 1046 1945 1341 2030; x_wconf 81' lang='lat' dir='ltr'><strong>majorum</strong></span> <span class='ocrx_word' id='word_1_93' title='bbox 1393 1942 1631 2003; x_wconf 81' lang='lat' dir='ltr'><strong>suorum</strong></span> 
     </span>
     <span class='ocr_line' id='line_1_18' title="bbox 241 2041 1640 2128; baseline -0.001 -23"><span class='ocrx_word' id='word_1_94' title='bbox 241 2044 513 2127; x_wconf 80' lang='lat' dir='ltr'><strong>exempla</strong></span> <span class='ocrx_word' id='word_1_95' title='bbox 565 2041 930 2128; x_wconf 83' lang='lat' dir='ltr'><strong>reprefferant</strong></span> <span class='ocrx_word' id='word_1_96' title='bbox 967 2092 989 2121; x_wconf 87' lang='lat'>,</span> <span class='ocrx_word' id='word_1_97' title='bbox 1044 2066 1326 2109; x_wconf 82' lang='lat' dir='ltr'><strong>mattonae</strong></span> <span class='ocrx_word' id='word_1_98' title='bbox 1386 2044 1640 2105; x_wconf 68' lang='lat' dir='ltr'><strong>Persides</strong></span> 
     </span>
     <span class='ocr_line' id='line_1_19' title="bbox 249 2148 1634 2232; baseline -0.001 -21"><span class='ocrx_word' id='word_1_99' title='bbox 249 2151 467 2232; x_wconf 70' lang='lat' dir='ltr'><strong>peplos·</strong></span> <span class='ocrx_word' id='word_1_100' title='bbox 493 2151 620 2231; x_wconf 76' lang='lat' dir='ltr'><strong>ipfie</strong></span> <span class='ocrx_word' id='word_1_101' title='bbox 656 2151 753 2212; x_wconf 76' lang='lat' dir='ltr'><strong>fibi</strong></span> <span class='ocrx_word' id='word_1_102' title='bbox 799 2154 924 2212; x_wconf 87' lang='lat' dir='ltr'><strong>suos</strong></span> <span class='ocrx_word' id='word_1_103' title='bbox 963 2153 1034 2211; x_wconf 92' lang='lat' dir='ltr'><strong>ab</strong></span> <span class='ocrx_word' id='word_1_104' title='bbox 1069 2154 1195 2213; x_wconf 86' lang='lat' dir='ltr'><strong>imo</strong></span> <span class='ocrx_word' id='word_1_105' title='bbox 1239 2148 1590 2210; x_wconf 83' lang='lat' dir='ltr'><strong>sustollentes</strong></span> <span class='ocrx_word' id='word_1_106' title='bbox 1612 2189 1634 2221; x_wconf 86' lang='lat'>,</span> 
     </span>
     <span class='ocr_line' id='line_1_20' title="bbox 250 2251 1636 2340; baseline -0.001 -26"><span class='ocrx_word' id='word_1_107' title='bbox 250 2256 789 2340; x_wconf 84' lang='lat' dir='ltr'><strong>interrogantesque</strong></span> <span class='ocrx_word' id='word_1_108' title='bbox 805 2279 879 2318; x_wconf 88' lang='lat' dir='ltr'><strong>an</strong></span> <span class='ocrx_word' id='word_1_109' title='bbox 905 2256 1041 2317; x_wconf 89' lang='lat' dir='ltr'><strong>illuc</strong></span> <span class='ocrx_word' id='word_1_110' title='bbox 1059 2258 1213 2316; x_wconf 86' lang='lat' dir='ltr'><strong>unde</strong></span> <span class='ocrx_word' id='word_1_111' title='bbox 1241 2257 1260 2313; x_wconf 84' lang='lat' dir='ltr'><strong>i</strong></span> <span class='ocrx_word' id='word_1_112' title='bbox 1267 2253 1340 2334; x_wconf 84' lang='lat' dir='ltr'><strong>pfi</strong></span> <span class='ocrx_word' id='word_1_113' title='bbox 1366 2251 1636 2336; x_wconf 84' lang='lat' dir='ltr'><strong>fugacem</strong></span> 
     </span>
     <span class='ocr_line' id='line_1_21' title="bbox 252 2355 1640 2442; baseline -0.004 -22"><span class='ocrx_word' id='word_1_114' title='bbox 252 2364 460 2442; x_wconf 82' lang='lat' dir='ltr'><strong>pedem</strong></span> <span class='ocrx_word' id='word_1_115' title='bbox 498 2360 755 2423; x_wconf 76' lang='lat' dir='ltr'><strong>infantes</strong></span> <span class='ocrx_word' id='word_1_116' title='bbox 799 2359 1119 2423; x_wconf 78' lang='lat' dir='ltr'><strong>extulerant</strong></span> <span class='ocrx_word' id='word_1_117' title='bbox 1168 2355 1481 2440; x_wconf 86' lang='lat' dir='ltr'><strong>confugere</strong></span> <span class='ocrx_word' id='word_1_118' title='bbox 1517 2357 1640 2418; x_wconf 81' lang='lat' dir='ltr'><strong>vel-</strong></span> 
     </span>
     <span class='ocr_line' id='line_1_22' title="bbox 255 2462 1641 2550; baseline -0.003 -24"><span class='ocrx_word' id='word_1_119' title='bbox 255 2467 375 2528; x_wconf 84' lang='lat' dir='ltr'><strong>lent</strong></span> <span class='ocrx_word' id='word_1_120' title='bbox 396 2515 415 2545; x_wconf 89' lang='lat'><strong>,</strong></span> <span class='ocrx_word' id='word_1_121' title='bbox 431 2468 654 2547; x_wconf 74' lang='lat' dir='ltr'><strong>objesto</strong></span> <span class='ocrx_word' id='word_1_122' title='bbox 676 2468 893 2550; x_wconf 86' lang='lat' dir='ltr'><strong>pudore</strong></span> <span class='ocrx_word' id='word_1_123' title='bbox 920 2467 982 2524; x_wconf 90' lang='lat' dir='ltr'><strong>in</strong></span> <span class='ocrx_word' id='word_1_124' title='bbox 1023 2463 1276 2525; x_wconf 83' lang='lat' dir='ltr'><strong>mediam</strong></span> <span class='ocrx_word' id='word_1_125' title='bbox 1306 2462 1641 2546; x_wconf 82' lang='lat' dir='ltr'><strong>persequen-</strong></span> 
     </span>
     <span class='ocr_line' id='line_1_23' title="bbox 261 2571 1645 2637; baseline -0.002 -7"><span class='ocrx_word' id='word_1_126' title='bbox 261 2571 407 2631; x_wconf 85' lang='lat' dir='ltr'><strong>tium</strong></span> <span class='ocrx_word' id='word_1_127' title='bbox 431 2573 621 2633; x_wconf 83' lang='lat' dir='ltr'><strong>aciem</strong></span> <span class='ocrx_word' id='word_1_128' title='bbox 641 2592 780 2634; x_wconf 84' lang='lat' dir='ltr'><strong>cum</strong></span> <span class='ocrx_word' id='word_1_129' title='bbox 803 2571 1048 2637; x_wconf 69' lang='lat' dir='ltr'><strong>vistoria</strong></span> <span class='ocrx_word' id='word_1_130' title='bbox 1075 2583 1505 2633; x_wconf 85' lang='lat' dir='ltr'><strong>converterunt.</strong></span> <span class='ocrx_word' id='word_1_131' title='bbox 1530 2571 1645 2628; x_wconf 79' lang='lat' dir='ltr'><strong>Ita-</strong></span> 
     </span>
    </p>
   </div>
   <div class='ocr_carea' id='block_1_3' title="bbox 1247 2668 1371 2746">
    <p class='ocr_par' dir='ltr' id='par_1_4' title="bbox 1247 2668 1371 2746">
     <span class='ocr_line' id='line_1_24' title="bbox 1247 2668 1371 2746; baseline 0.016 -2"><span class='ocrx_word' id='word_1_132' title='bbox 1247 2668 1371 2746; x_wconf 76' lang='lat' dir='ltr'><strong>da</strong></span> 
     </span>
    </p>
   </div>
  </div>
 </body>
</html>
