2065 3396
526 308 1083 378 SATtn'A
1184 319 1360 375 ιιι.
1507 309 1694 394 20‘2‘

235 438 386 494 Hinc
411 440 529 493 tuba
543 475 560 504 ,
585 443 804 494 candelae
821 460 838 507 3
856 441 1163 505 tandemque
1177 442 1399 493 beatulus
1416 442 1523 493 alto

230 526 564 593 Compofims
580 530 715 581 lecto
733 562 751 592 ,
782 530 1034 595 craffisque
1048 533 1230 583 lutatus
1252 529 1505 591 amomis,
1548 529 1553 531 ’

236 618 303 667 In
318 630 515 679 portam
529 616 724 681 rigidos
743 622 900 670 calces
917 619 1155 669 extendit
1171 639 1188 684 ;
1208 634 1259 672 at
1279 621 1434 671 illum

237 706 481 758 Hesterni
500 705 667 771 capite
682 705 869 760 induto
884 706 1078 759 subiexe
1094 705 1352 770 Qititea.

305 886 490 947 Tange
503 881 656 933 miset
673 896 825 934 venas
841 912 858 942 ‚
870 882 922 931 δε
940 898 1072 947 pone
1086 882 1141 931 in
1153 880 1359 945 pestere
1372 878 1631 931 dextram.

239 971 342 1027 Nil
364 973 497 1022 calet
521 968 608 1021 hic
642 1001 665 1029 ,
701 968 1018 1032 summosque
1048 968 1199 1034 pedes
1229 969 1424 1036 attinge
1453 999 1471 1030 ,
1514 984 1627 1020 ma»

503 1055 707 1119 nusque.

237 1149 371 1203 ‘Non
389 1146 577 1211 frigent
594 1164 610 1193 .-
627 1144 818 1196 visaest
838 1142 874 1193 fi
889 1145 1020 1194 forte
1040 1140 1248 1207 pecunia
1263 1172 1279 1200 ,
1306 1138 1415 1192 five

234 1232 475 1286 Candida
500 1230 661 1282 vicini
689 1226 879 1280 subrisit
905 1229 1070 1278 molle
1092 1228 1281 1292 puella.

233 1326 352 1375 »Cot
377 1319 474 1372 tibi
495 1323 592 1371 rite
609 1318 763 1371 salit?
786 1314 1008 1368 Pontum
1031 1316 1098 1365 est
1114 1318 1317 1381 algente
1351 1311 1522 1363 catino

240 1414 448 1465 Dutum
472 1412 585 1461 olus
601 1441 617 1469 ,
645 1410 699 1459 δε
729 1403 901 1468 populi
926 1396 1093 1452 cribro
1115 1400 1307 1451 decuss‘a
1323 1399 1506 1451 farina.

240 1503 292 1550 T
295 1511 529 1549 entemus
555 1498 744 1546 fauces:
774 1506 955 1541 teneto
976 1491 1102 1541 latet
1118 1491 1254 1542 ulcus
1269 1488 1326 1537 in
1348 1502 1437 1537 ore

240 1569 393 1637 Putre
408 1613 426 1643 ,
453 1581 588 1644 quod
603 1580 736 1632 haud
752 1579 926 1630 deceat
941 1577 1136 1644 plebeia
1154 1575 1323 1626 radere
1333 1572 1470 1626 beta.

243 1672 409 1735 Alges,
425 1698 444 1729 ‚
467 1684 584 1720 cum
609 1668 814 1721 excussit
829 1665 1075 1719 membris
1096 1667 1255 1720 timot
1277 1663 1419 1717 albus
1433 1664 1631 1719 aristas:

241 1761 399 1817 Nunc
413 1761 516 1810 face
529 1755 769 1823 suppofita
784 1754 1014 1809 fervescit
1028 1755 1227 1822 sanguis
1240 1785 1256 1813 ‚
1288 1755 1342 1803 &
1371 1753 1448 1804 ira

242 1849 531 1900 scintillant
544 1847 712 1908 oculi·;
730 1842 948 1906 dicisque
964 1873 980 1902 ‚
998 1841 1211 1904 facisque
1226 1872 1243 1902 ‚
1264 1837 1399 1903 quod
1414 1833 1518 1901 ipse

239 1936 376 1996 Non
389 1932 497 1986 sani
511 1934 606 1987 effe
619 1933 846 1987 hominis
861 1966 877 1990 ,
898 1947 1008 1985 non
1038 1929 1179 1986 sums
1192 1927 1325 1991 {utet
1344 1927 1566 1981 Oxestcx·
