2065 3396
425 266 513 321 ‘io
637 260 719 322 D.
766 257 1041 327 JUNH
1083 261 1640 330 IUVENALIS

422 386 492 441 Et
511 387 675 453 inagis
699 387 923 452 ingenue
956 387 1270 441 Peribomius
1295 407 1310 440 ι
1341 392 1474 442 hunc
1500 405 1598 456 ego
1634 382 1771 440 fatss‘

422 472 632 538 Imputo
653 506 670 536 ‚
695 476 780 537 qui
800 477 947 527 vultu
966 475 1202 527 morbum
1217 508 1235 538 ‚
1261 478 1536 541 inceffuque
1556 481 1768 531 fatetur-1

424 560 628 613 Horum
654 558 941 627 fimpli'citas
957 562 1286 625 miserabilis,
1312 564 1391 615 his
1414 567 1551 615 furor
1572 561 1676 629 ipse

425 647 534 702 Dnt
561 650 807 714 veniam3
845 650 927 702 sed
963 649 1157 715 peiores
1203 652 1288 713 qui
1311 653 1436 702 talia
1467 651 1638 705 ver-bis

422 738 660 790 Herculis
693 739 942 789 invadunt
959 770 976 799 ,
1006 738 1061 787 86
1094 737 1158 788 de
1176 738 1362 793 virtute
1384 740 1543 790 locuti

418 827 646 879 Clunem
665 827 875 891 agitant.
892 830 1000 890 Ego
1015 839 1066 876 te
1081 840 1365 885 ceventem,
1383 829 1555 885 Sexte,
1568 823 1818 888 verebor,-

419 913 632 964 Infamis
663 914 891 963 Varillus
927 913 996 962 ait
1019 913 1044 961 ?
1079 927 1177 983 quo
1209 911 1433 963 deterior
1466 912 1560 965 te?

420 999 735 1065 Loripedem
764 1001 924 1050 reEtus
952 999 1210 1061 derideat,
1240 999 1546 1063 AEthiopem
1568 996 1737 1049 albus.-

421 1087 555 1150 Qis
581 1088 756 1138 tulerit
778 1088 1027 1141 Gracchos
1053 1087 1117 1138 de
1144 1087 1392 1140 seditione
1408 1100 1670 1148 querentes
1687 1087 1710 1134 ?

424 1175 556 1237 Qis
579 1177 788 1225 Coelum
806 1175 951 1225 terris
967 1191 1070 1225 non
1087 1175 1289 1228 misceat
1307 1207 1324 1237 ‚
1348 1175 1402 1225 8c
1421 1190 1559 1224 mare
1580 1176 1733 1227 Coeio
1753 1202 1781 1236 ,ι

420 1262 479 1315 si
509 1265 589 1313 fur
620 1262 879 1328 displiceat
902 1263 1063 1315 Verri
1085 1263 1109 1312 ?
1142 1259 1400 1315 homicida
1425 1245 1662 1313 Miloni?

362 1414 365 1421 J
392 1368 407 1387 ··
422 1350 639 1403 Clodius
666 1351 853 1403 accuset
871 1352 1098 1402 moechos
1113 1381 1131 1411 ‚
1153 1351 1378 1405 Catilina
1395 1347 1716 1412 cethegum?

424 1440 491 1489 In
524 1437 744 1490 tabulam
768 1441 913 1490 Sulloe
950 1437 986 1488 fi
1011 1438 1184 1489 dicant
1210 1436 1439 1502 discipuli
1462 1450 1562 1487 tres
1593 1435 1618 1486 ἶ

426 1525 606 1587 Qalis
634 1538 739 1574 erat
765 1540 921 1590 nuper
948 1525 1141 1589 tragico
1171 1526 1388 1589 pollutus
1417 1522 1613 1573 adulter

422 1608 736 1669 Concubitu,
754 1611 839 1672 qui
868 1623 987 1661 tunc
1008 1613 1148 1676 leges
1169 1608 1428 1662 revocabat
1459 1624 1647 1660 amaras

423 1694 680 1748 Omnibus
699 1727 716 1757 ‚
738 1696 1007 1762 atqueipfis
1018 1697 1218 1748 Veneri
1233 1729 1250 1758 ,
1267 1698 1512 1761 Martique
1529 1697 1810 1763 timendas,

423 1784 563 1833 Cum
588 1795 669 1833 tot
696 1781 937 1836 abortivis
964 1784 1249 1837 foecundam
1269 1784 1404 1839 Julia
1430 1771 1637 1838 vulvam

425 1871 690 1932 Solveret,
723 1872 775 1922 δι
799 1886 972 1937 patruo
1004 1873 1195 1925 similes
1226 1867 1507 1924 effunderet
1537 1875 1676 1926 offas.

421 1958 621 2013 Nonne
648 1959 805 2024 Igitur
824 1959 932 2023 iure
951 1994 968 2024 ‚
992 1977 1048 2013 ac
1076 1961 1263 2012 merito
1278 1992 1295 2021 ,
1308 1959 1436 2012 vitia
1456 1961 1638 2012 ultima
1656 1959 1810 2013 fletos

422 2049 783 2100 Contemnunt
799 2053 1001 2102 Scauros
1017 2082 1035 2112 ‚
1065 2051 1119 2101 8c
1148 2050 1373 2113 castigata
1405 2049 1734 2103 remordent?

426 2137 557 2191 Non
583 2139 703 2190 tulit
732 2154 799 2189 ex
829 2139 936 2190 inis
973 2152 1176 2189 torvum
1214 2135 1431 2189 Laronia
1459 2135 1708 2197 quendam

423 2227 751 2279 clamantem
768 2229 916 2278 toties
932 2258 947 2287 ,
970 2223 1056 2275 ubi
1087 2238 1218 2274 nunc
1242 2227 1354 2274 Lex
1371 2225 1398 2275 J
1402 2223 1504 2270 ulia
1521 2223 1544 2270 ?
1561 2221 1752 2274 dormis
1768 2227 1802 2276 ἓ

426 2289 602 2374 Atque
620 2313 695 2364 ita
714 2313 968 2364 subridens
986 2329 1002 2360 ε
1027 2310 1192 2360 felicia
1214 2323 1437 2371 tempora
1452 2338 1469 2367 ‚
1495 2323 1601 2368 quae
1632 2322 1684 2358 te

426 2399 661 2453 Moribus
681 2415 939 2467 opponunt
963 2402 975 2452 !
1006 2396 1179 2451 habeat
1197 2396 1299 2460 jam
1328 2399 1492 2445 Roma
1511 2393 1756 2473 pudorem·
1777 2412 1793 2446 ε

423 2488 635 2540 Tertius
666 2505 695 2538 e
722 2491 874 2543 Coelo
888 2486 1069 2540 cecidit
1085 2487 1237 2536 Cato.
1266 2479 1364 2534 Sed
1383 2495 1554 2531 tamen
1576 2481 1708 2533 unde

424 2577 552 2629 Hac
581 2576 710 2626 emis
736 2608 753 2637 ‚
783 2576 972 2628 hirsuto
1002 2573 1187 2639 spirant
1214 2568 1529 2637 opobalsama
1552 2573 1688 2622 collo

422 2663 556 2727 ,αρε
571 2659 702 2715 tibi?
719 2678 783 2714 uc
795 2662 975 2728 pudeat
993 2661 1263 2714 dominum
1275 2661 1543 2713 monstrate
1557 2656 1799 2712 tabernas?
