2065 3396
504 261 631 341 ηε
788 262 1076 329 Ἁυιῐ
1133 272 1554 361 Pensm

497 428 657 482 vum
689 406 1058 484 milliarium
1101 417 1206 490 via
1224 413 1495 516 Appia,
1522 415 1591 487 in
1618 417 1886 516 praediis

496 523 648 625 suis·
700 527 892 601 Pater
921 534 1062 628 ejus
1101 535 1381 609 Flaccus
1429 538 1756 635 pupillum
1777 565 1877 611 re-

493 640 688 744 liquit
733 651 1019 725 moriens
1078 704 1101 739 ,
1191 679 1512 729 annorum
1556 655 1701 729 fere
1739 657 1869 730 sex.

492 759 732 841 Fulvia
790 769 1086 843 Sisennia
1146 795 1352 845 mater
1391 774 1607 873 nupsit
1644 776 1866 874 postea

489 878 692 955 Fufio
743 936 766 970 ‚
841 889 1074 986 Equiti
1133 890 1445 965 Romano
1501 920 1529 983 3
1591 904 1666 973 δε
1722 924 1868 971 eum

485 1025 760 1101 quoque
799 1005 1041 1078 extulit
1079 1010 1250 1082 intra
1321 1013 1578 1108 paucos
1637 1044 1865 1091 annos.

487 1121 760 1195 Studuit
795 1124 1076 1198 Flaccus
1103 1128 1305 1227 usque
1337 1130 1422 1204 ad
1452 1160 1698 1211 annum
1723 1163 1864 1226 ΧΠ,

485 1238 857 1324 ,Volaterris
883 1269 908 1317 -ι
938 1245 1093 1316 inde
1137 1246 1382 1323 Romae
1406 1255 1586 1351 apud
1620 1261 1865 1334 Gram-

481 1364 798 1436 maticum
828 1363 1211 1438 Remmium
1250 1368 1698 1449 Palaem'onem
1730 1430 1750 1462 ,
1787 1386 1855 1456 &

477 1480 656 1579 apud
683 1483 1057 1556 Rhetorem
1084 1481 1481 1585 Verginium
1506 1490 1856 1570 Flaccum.

477 1598 659 1671 Cum
706 1598 866 1672 efflet
929 1626 1249 1677 annorum
1291 1629 1428 1681 xv1
1477 1656 1501 1692 ,
1563 1613 1855 1689 amicitia

467 1720 682 1819 coepit
714 1720 810 1791 uti
858 1718 1101 1794 Annaei
1144 1722 1487 1820 Cornuti,
1540 1728 1633 1801 ita
1668 1755 1745 1804 ut
1769 1733 1853 1807 ab

464 1860 559 1914 eo
614 1835 926 1937 nusquam
976 1838 1343 1916 discederet
1392 1872 1420 1935 3
1466 1873 1506 1920 a
1556 1875 1699 1947 quo
1755 1856 1853 1926 in-

465 1956 813 2033 trodustus
892 1956 1298 2058 aliquatenus
1378 1967 1450 2038 in
1540 1968 1847 2057 Philoso÷

466 2079 623 2181 phia
673 2076 787 2152 est.
904 2112 909 2115 ⁵

554 2225 842 2299 Amicos
863 2221 1092 2296 habuit
1110 2246 1149 2292 a
1163 2222 1368 2318 prima
1392 2218 1840 2305 adolescentia

466 2342 753 2419 Caesmm
779 2342 1080 2422 Bassum,
1112 2346 1184 2414 &
1221 2338 1653 2438 Calpurnium
1680 2347 1838 2421 Sta..

457 2483 672 2535 turam
697 2510 717 2541 ,
767 2463 878 2560 qui
916 2485 1002 2532 eo
1035 2461 1189 2533 vivo
1229 2462 1483 2556 juvenis
1527 2461 1827 2543 deceffit.

459 2580 702 2669 Coluit
740 2606 813 2656 ut
847 2604 1101 2681 patrem
1142 2580 1494 2658 Servilium
1560 2585 1834 2681 Νειιιιῃιτ
