2065 3396
324 281 417 383 iv⁸
631 267 1398 381 DECIJ,JUNII

324 421 532 501 tribus
579 413 896 493 militiolis
968 432 1341 487 tumentem
1392 457 1414 486 ,
1494 426 1704 506 genus
1807 494 1826 507 N

324 545 663 643 scripturae
705 531 1091 610 industriose
1118 528 1443 604 excoluit.
1490 526 1585 599 Et
1607 547 1706 603 ta-

324 690 484 741 men
530 662 648 738 diu
684 683 768 738 ne
800 653 1076 735 modico
1126 647 1399 751 quidem
1432 642 1706 718 audito-

326 792 430 865 rio
482 782 847 905 quidquam
888 770 1311 849 committete
1362 763 1456 839 est
1491 763 1707 838 ausus.

330 910 514 987 Mox
556 911 797 1003 magna
846 895 1219 997 frequentia
1249 942 1273 978 ,
1325 909 1710 989 magnoque

330 1024 629 1105 successu
672 1023 776 1098 bis
807 1047 887 1095 ac
931 1042 1036 1093 ter
1084 1014 1346 1095 auditus
1395 1007 1488 1089 est
1534 1058 1559 1096 ,
1633 1028 1709 1086 ut

332 1177 414 1225 ea
445 1168 720 1249 quoque
753 1168 903 1245 quae
941 1140 1153 1241 prima
1189 1135 1488 1219 fecerat,
1514 1128 1713 1204 infer-

335 1275 504 1351 ciret
536 1268 728 1346 novis
774 1263 1073 1363 scriptis:

433 1391 643 1494 ,Quod
693 1414 817 1461 non
877 1384 1047 1455 dant
1102 1386 1409 1454 proceres
1455 1421 1482 1463 ‚
1528 1369 1718 1445 dabit

606 1508 824 1599 histrio
845 1531 869 1576 .·
893 1526 966 1576 tu
990 1501 1363 1574 Camerinos
1384 1543 1406 1570 ‚

442 1634 541 1713 Et
586 1633 845 1713 Bareas
890 1673 914 1710 ‚
987 1644 1061 1695 tu
1110 1615 1419 1691 nobilium
1475 1614 1746 1711 magnae'

609 1751 801 1818 atria
847 1767 1069 1819 curas.

445 1866 773 1968 Praefesslos
801 1864 1079 1963 Pelopea
1099 1857 1326 1957 facit,
1361 1854 1727 1930 Philomela

610 1986 1048 2063 Tribunos..

457 2125 625 2201 Erat
659 2145 804 2195 tum
836 2122 905 2193 in
950 2113 1207 2194 deliciis
1250 2112 1415 2197 aulae
1452 2061 1734 2192 histrio
1705 2165 1732 2202 ‚

361 2247 686 2345 multique
714 2241 1049 2316 fautorum
1075 2240 1217 2336 ejus
1248 2237 1575 2334 quotidie
1572 2263 1741 2338 pro-

364 2367 802 2449 vehebantur.
888 2358 1101 2435 Venit
1171 2379 1337 2455 ergo
1402 2357 1447 2429 J
1450 2356 1745 2435 uvenalis

366 2492 437 2563 in
478 2484 914 2585 suspicionem
939 2529 961 2570 2
1013 2476 1195 2578 quasi
1235 2499 1540 2575 tempora
1561 2475 1746 2577 sign--⁴

369 2633 511 2688 rate
562 2601 845 2690 notafl‘et
877 2652 902 2690 ‚
956 2625 1035 2675 ac
1076 2598 1291 2678 statim
1330 2622 1452 2697 per
1515 2597 1746 2681 hono&
