2065 3396
457 263 577 313 140
655 252 735 304 D.
779 248 1065 310 IUNI'I
1104 241 1660 308 IUVENALIS

445 371 501 421 Si
528 368 698 422 flectas
718 369 891 420 oculos
923 370 1115 433 maiora
1135 367 1199 419 ad
1224 366 1441 417 crimina
1466 366 1669 414 :confer

447 456 773 511 Conduaum
791 438 1046 507 latronem
1065 487 1081 516 ,
1101 453 1335 507 incendia
1354 452 1535 505 sulfure
1553 467 1714 517 coepta
1731 478 1755 511 9

445 547 621 605 Atque
640 542 765 594 dolo
784 573 803 604 ,
824 544 1012 606 primos
1032 556 1148 591 cum
1161 539 1306 604 ianua
1321 539 1523 603 colligit
1538 539 1719 603 ignes3
1775 539 1780 542 ’

444 630 637 681 Confer
652 629 707 679 δε
722 629 815 679 hos
846 628 1030 679 veteris
1052 628 1136 691 qui
1153 628 1347 679 tollunt
1364 624 1574 691 grandia
1589 625 1780 690 templi

444 719 635 771 Pocula
661 715 925 767 adorandae
951 712 1226 787 robiginis,
1249 714 1303 764 δε
1331 715 1633 777 populorum

445 806 633 861 Dona,
651 806 734 854 vel
756 804 959 864 antiquo
986 798 1162 863 pofitas
1186 816 1216 849 a
1245 804 1385 864 Rege
1412 814 1668 851 coronas.-

444 892 574 941 Haec
597 889 670 940 ibi
695 889 732 939 fi
758 881 859 939 nen
882 886 995 939 sunt
1010 917 1027 946 ,
1049 886 1220 936 minor
1244 888 1398 937 exstat
1422 885 1720 951 sacrilegus,
1744 889 1834 950 qui

449 979 614 1031 Radat
634 978 847 1029 inaurati
863 979 1026 1027 femur
1047 971 1278 1024 Herculis
1296 1003 1312 1031 ‚
1337 974 1390 1023 δε
1404 974 1585 1025 faciem
1605 974 1771 1039 ipfim

449 1065 682 1130 Neptuni
701 1101 719 1126 ‚
743 1064 827 1126 qui
860 1062 1166 1114 bracteolam
1192 1060 1257 1112 de
1275 1061 1474 1115 Castore
1495 1057 1662 1110 ducat.

451 1157 543 1203 An
564 1149 756 1201 dubitet
774 1147 945 1199 solitus
964 1164 1131 1203 totum
1150 1147 1370 1201 conflare
1387 1152 1682 1200 Tonantem
1699 1152 1724 1202 ἓ

450 1244 643 1294 Confer
664 1241 716 1290 δε
733 1234 947 1289 artifices
963 1266 980 1295 ‚
997 1249 1427 1298 mercatoremque
1442 1236 1628 1286 veneni
1642 1267 1660 1297 ‚

449 1330 514 1380 Et
534 1326 884 1378 deducendum
900 1323 1039 1373 corio
1058 1320 1204 1372 bovis
1226 1323 1282 1371 in
1299 1337 1436 1374 mare
1449 1360 1463 1381 ,
1495 1340 1611 1375 cum
1622 1340 1724 1390 quo

450 1413 718 1465 Clauditur
749 1410 961 1462 adverfis
991 1403 1204 1461 innoxia
1231 1409 1374 1460 fimia
1402 1411 1539 1461 fatis.

448 1500 573 1551 Haec
607 1512 759 1561 quota
791 1514 897 1563 pars
932 1498 1185 1551 scelerum.
1213 1529 1231 1558 ‚
1272 1511 1378 1560 quae
1410 1498 1563 1548 custos
1592 1500 1837 1554 Gallicus

730 1584 883 1636 Urbis

450 1670 617 1736 Usque
638 1688 667 1722 a
685 1672 919 1723 Lucifero
939 1704 953 1731 ,
975 1670 1137 1724 donec
1156 1676 1245 1725 lux
1262 1670 1456 1726 occidat
1468 1702 1485 1731 ‚
1505 1669 1642 1724 audit
1663 1672 1690 1722 ἓ

292 1830 295 1843 Γ
438 1759 678 1817 ,Humani
711 1758 909 1822 generis
930 1773 1099 1809 mores
1117 1759 1210 1810 tibi
1237 1763 1373 1811 nofl‘e
1399 1761 1597 1812 volenti

448 1843 642 1896 Sufficit
658 1861 754 1895 una
770 1844 969 1895 domus.
989 1848 1171 1896 Paucos
1190 1846 1425 1899 consume
1445 1849 1551 1900 dies
1565 1880 1583 1909 ‚
1603 1849 1659 1900 δε

449 1933 639 1985 Dicere
653 1946 705 1984 te
718 1930 960 1983 miserum
975 1965 990 1995 ‚
1006 1937 1258 2000 postquam
1269 1935 1417 1987 illinc
1431 1939 1630 1989 veneris
1644 1968 1661 1999 ‚
1674 1937 1831 1993 aude.

509 2107 640 2171 Qis
664 2107 918 2159 tumidum
945 2121 1115 2172 guttur
1140 2111 1348 2162 miratur
1372 2111 1431 2191 in
1461 2109 1714 2177 Alpibus?
1738 2128 1830 2170 ant

626 2244 631 2248 .
728 2210 837 2258 quis

445 2283 512 2334 In
530 2278 708 2332 Mero'e‘
732 2283 881 2334 craffo
899 2282 1148 2346 maiorem
1167 2284 1359 2339 infante
1381 2290 1668 2341 mamillam
1683 2292 1709 2342 ?

447 2364 644 2422 Caerula
661 2369 771 2428 quis
793 2370 970 2434 stupuit
998 2375 1246 2425 Germani
1274 2377 1468 2428 lumina
1482 2410 1501 2440 ,
1524 2377 1713 2431 flavam

447 2453 720 2505 Caesatiem
737 2487 755 2516 ,
772 2457 826 2507 &
843 2456 1052 2509 madido
1067 2473 1387 2522 torquentem
1408 2480 1589 2516 cornua
1603 2466 1733 2516 cirre
1746 2465 1773 2516 Ξ

445 2542 652 2605 Nempe
677 2543 809 2604 quod
832 2545 935 2594 haec
950 2534 1066 2596 illis'
1083 2563 1255 2600 natura
1272 2553 1338 2602 est
1364 2549 1598 2601 omnibus
1612 2567 1729 2601 una.

445 2627 535 2682 Ad
551 2627 728 2682 sabim
741 2633 999 2684 Thracum
1014 2637 1239 2688 volucres
1254 2667 1273 2700 ‚
1292 2637 1572 2703 nubemque
1584 2638 1816 2693 sonoram
