2065 3396
417 247 529 323 '³52
614 256 696 312 D.
752 256 1032 318 IUmr
1064 251 1627 321 ΙσνΕΝΑιιε

414 378 596 437 Uxor,
627 377 680 428 δε
705 378 924 431 infantes
939 379 1178 433 ludebant
1193 394 1434 445 quatuor,
1462 395 1591 431 unus

412 467 666 528 vernula,
680 481 781 519 tres
801 468 1000 520 domini
1015 481 1036 527 ς
1052 467 1135 520 sed
1152 469 1350 534 magnis
1364 466 1597 520 fratribus
1612 467 1826 518 horum

417 555 471 604 A
501 549 697 613 scrobe,
724 557 812 607 vel
845 555 980 607 sulco
1006 555 1326 609 redeuntibus
1351 588 1368 619 ,
1388 559 1545 608 altera
1566 569 1724 606 coenu

416 643 696 707 Amplior,
720 645 775 695 ἄ
797 645 1009 710 grandes
1036 641 1292 695 fumabant
1312 644 1531 709 pultibus
1552 648 1707 696 ollae.

417 727 576 779 Nunc
599 731 779 781 modus
799 733 883 782 hic
903 730 1009 797 agri
1035 730 1198 781 nostro
1217 746 1319 780 non
1338 729 1517 782 sufficit
1534 734 1722 784 horto.

416 815 549 867 Inde
570 819 675 870 fere
694 818 944 871 scelerum
972 816 1137 868 causs'ae
1152 847 1169 876 ‚
1191 833 1283 868 nec
1300 824 1440 885 plura
1461 837 1670 873 venena

418 900 627 955 Miscuit
643 936 661 963 ‚
689 921 773 957 aut
792 908 927 958 ferro
951 908 1183 973 grassatur
1202 904 1373 972 saepius
1393 912 1563 960 ullum

420 992 673 1045 Humana·
691 998 877 1048 mentis
898 997 1087 1048 vitium
1103 1026 1121 1056 ‚
1149 1009 1298 1059 quam
1319 992 1446 1050 saeva
1467 997 1659 1064 cupido

420 1080 700 1135 Immodici
719 1085 906 1137 census.
933 1088 1078 1140 Nam
1096 1086 1239 1136 dives
1259 1085 1345 1147 qui
1360 1083 1475 1138 fieri
1493 1088 1607 1138 vult
1620 1116 1647 1147 9

422 1170 490 1220 Er
506 1168 611 1220 cito
628 1174 738 1222 vult
766 1169 899 1223 fieri.
928 1176 1025 1227 Sed
1053 1191 1161 1238 quae
1181 1172 1463 1225 reverentia
1481 1174 1660 1237 legum
1681 1201 1703 1231 ‚

423 1257 557 1323 Qis
586 1274 752 1311 metus
783 1292 802 1321 ‚
840 1277 925 1313 aut
955 1263 1112 1329 pudor
1139 1264 1207 1314 est
1241 1276 1460 1325 unquam
1493 1260 1821 1327 properantis

740 1351 918 1401 avari?

428 1432 621 1485 vivite
650 1438 878 1487 contenti
906 1436 1081 1489 casulis
1099 1469 1117 1498 ‚
1145 1438 1200 1488 δι
1231 1432 1441 1488 collibus
1469 1433 1572 1485 istis
1590 1466 1610 1495 ‚

428 1522 483 1573 0
515 1523 655 1586 Paeti
674 1555 691 1581 2
715 1524 905 1579 Marsus
924 1524 1122 1577 dicebat
1139 1555 1157 1585 ‚
1177 1526 1231 1576 δε
1256 1526 1503 1575 Hernicus
1519 1524 1688 1587 olim,

426 1610 758 1673 Vestinusque
789 1612 942 1664 senex
961 1630 976 1674 ;
997 1626 1181 1676 panem
1208 1624 1485 1672 quaeramus
1505 1625 1669 1661 aratro
1684 1641 1705 1671 ‚

427 1695 537 1758 Qi
559 1693 673 1748 satis
690 1700 756 1749 est
782 1697 966 1750 menfis
985 1714 1004 1759 ς
1025 1702 1229 1751 laudant
1243 1701 1341 1750 boc
1360 1698 1568 1749 numina
1585 1698 1713 1748 ruris
1727 1728 1746 1759 ‚

427 1783 668 1845 Qorum
692 1801 788 1850 ope
805 1788 859 1837 δε
881 1789 1075 1839 auxilio
1094 1820 1109 1839 ,
1130 1801 1281 1853 gratae
1298 1789 1399 1851 post
1418 1802 1598 1837 munus
1614 1787 1768 1837 aristae
1787 1813 1812 1849 2

429 1869 754 1934 Contingunt
782 1873 986 1927 homini
1019 1877 1204 1927 veteris
1227 1873 1418 1926 fastidia
1429 1889 1654 1937 quercus.

430 1960 533 2013 Nil
548 1961 765 2012 vetitum
784 1964 949 2016 feciss‘e
964 1964 1107 2015 volet
1120 1994 1137 2022 ‚
1173 1977 1323 2025 quem
1345 1978 1446 2011 non
1463 1959 1615 2025 pudet
1631 1961 1735 2011 aito

432 2048 530 2100 Per
546 2051 764 2114 glaciem
785 2067 972 2117 perone
991 2051 1098 2116 tegi
1116 2081 1132 2109 ‚
1166 2051 1251 2113 qui
1266 2048 1555 2100 summovet
1569 2051 1724 2100 Euros

433 2134 656 2189 Pellibus
677 2139 908 2192 inverfis.
933 2139 1202 2203 Peregrina
1220 2169 1238 2199 ‚
1264 2138 1536 2205 ignotaque
1554 2134 1695 2187 nobis

422 2222 528 2290 ‘Ad
553 2223 708 2278 scelus
724 2258 742 2289 ,
778 2243 925 2293 atque
953 2225 1089 2276 nefas
1107 2255 1126 2288 ,
1155 2238 1464 2291 quaecunque
1483 2227 1549 2277 est
1567 2256 1584 2287 ,
1606 2239 1804 2291 purpura

746 2313 907 2368 ducit.
1185 2320 1188 2325 ’

503 2487 628 2538 Haec
641 2486 727 2537 ini
745 2501 941 2540 veteres
959 2499 1196 2554 precepta
1217 2481 1498 2536 minoribus
1516 2515 1533 2543 ‚
1551 2498 1602 2536 at
1622 2501 1744 2539 nunc

438 2575 552 2627 1³0st
574 2570 732 2624 finem
757 2566 986 2626 autumni
1007 2571 1180 2624 media
1194 2571 1258 2622 de
1285 2572 1431 2623 noete
1451 2569 1681 2635 supinum

412 2662 703 2729 ,clamosus
724 2664 963 2731 iuvenem
989 2673 1130 2727 pater
1161 2657 1352 2712 excitat
1368 2675 1386 2709 ε
1411 2657 1579 2723 accipe
1592 2672 1749 2721 ceras,
