2065 3396
424 234 497 339 lij
628 244 775 310 DE
828 233 1194 310 SATJRA
1244 227 1579 310 ΜΕΝ.

611 390 760 436 Arma
783 383 1024 452 virumque
1066 399 1175 431 cano
1208 397 1226 429 .-

424 554 492 597 ιε
535 530 722 594 multo
755 529 941 616 magis
966 530 1005 591 fi
1047 527 1165 590 haec
1204 519 1608 606 praecesserint:

923 694 996 746 At
1018 705 1136 744 nunc
1163 683 1386 737 horrentia
1410 682 1602 732 Martis.

508 843 659 917 Qae
689 857 889 899 tamen
932 853 1146 898 veteres
1187 825 1490 914 neglexisse
1534 846 1689 910 patet
1733 845 1808 889 ex

430 940 763 1012 Prisciano,
799 940 904 1022 qui
941 938 1207 999 versuum
1261 935 1566 993 duodecim
1605 932 1808 991 AEnei-

435 1050 539 1108 dos
593 1041 997 1127 principalium
1049 1041 1366 1122 principem
1429 1035 1564 1096 citat
1621 1043 1804 1096 Arma

435 1153 743 1237 virumque
786 1167 941 1209 cano.
987 1150 1197 1226 Neque
1241 1143 1399 1202 aliud
1445 1137 1627 1219 operis
1678 1140 1807 1197 exi>-

430 1259 543 1318 mii
557 1253 904 1338 principium
919 1267 1229 1333 agnoverat
1249 1244 1528 1306 Martiahs
1545 1245 1604 1301 in
1626 1244 1811 1307 XIV.

615 1417 782 1483 Accipe
800 1411 994 1480 facundi
1031 1409 1229 1460 Culicem
1240 1404 1428 1476 studiosi
1446 1405 1677 1466 Maronis,

745 1507 819 1551 Ne
835 1538 850 1560 ,
873 1502 1001 1566 nugis
1013 1498 1167 1567 pofitis
1182 1531 1198 1555 ‚
1218 1501 1365 1545 Arma
1389 1497 1627 1563 virumque
1646 1506 1810 1550 canan

521 1647 707 1725 Quod
748 1645 786 1707 fi
821 1646 952 1728 quis
988 1659 1300 1723 componat
1330 1662 1468 1705 cum
1523 1643 1626 1705 illo
1679 1647 1811 1705 Ho-

437 1753 627 1825 meti,

849 1823 1008 1893 Mfi‘nr
1054 1820 1216 1901 οἴειςΓε
1257 1823 1392 1894 Θεοῖ,

442 2034 648 2097 sentiet
704 2051 841 2093 cum
891 2027 1171 2109 Iuvenale
1222 2069 1244 2101 ‚
1309 2024 1531 2108 aliquid
1581 2026 1688 2090 effi:
1749 2029 1814 2090 in

442 2138 782 2220 virgiliano
823 2132 1107 2216 principio
1144 2131 1472 2193 horrificum
1500 2178 1518 2204 ,
1572 2141 1626 2190 &
1660 2132 1817 2192 velut

441 2245 653 2323 hydros
689 2236 882 2300 Poetae
921 2237 1168 2295 crinibus
1211 2237 1477 2297 intextos.
1515 2238 1821 2304 Quemad-

447 2348 695 2407 modum
737 2364 871 2403 vero
905 2342 965 2399 in
994 2340 1194 2400 Martis
1233 2338 1520 2396 Homerici
1545 2338 1817 2400 indecora

443 2447 856 2513 vociferatione
877 2446 1140 2525 quaedam
1167 2486 1188 2516 ‚
1219 2441 1256 2514 fi
1283 2443 1362 2499 ita
1384 2440 1546 2518 loqui
1569 2438 1650 2498 fas
1686 2440 1768 2502 est
1794 2479 1818 2512 ‚

443 2553 782 2622 absurdita5‚
817 2550 895 2607 ita
937 2550 1113 2609 etiam
1167 2545 1230 2607 in
1277 2542 1518 2627 Virgilii
1556 2544 1818 2624 Cyclope

447 2657 670 2721 vanitas
715 2650 941 2735 po'e'tica
1003 2651 1457 2736 reprehenditur.
1537 2645 1819 2715 Describit
