2065 3396
418 267 1315 345 DISSERTATIO.
1436 276 1578 347 'xxv

192 415 584 477 constantiam
607 417 765 478 addit
785 459 807 491 ‚
834 422 1109 500 viamque
1133 419 1313 498 ipsam
1356 436 1472 499 qua
1505 398 1609 477 ad

197 519 453 602 rigidam
481 519 844 605 solidamque
892 524 1170 585 virtutem
1221 540 1379 583 eatur
1434 521 1580 583 serio

195 625 486 688 monstrat
509 652 524 691 ς
553 624 851 706 juvenalis
872 627 1125 708 denique
1155 627 1465 688 hominum
1487 648 1586 688 ne-

191 729 450 809 quitiam
510 728 923 808 impudentem
991 729 1255 793 horribili
1304 729 1534 817 flagello
1561 775 1585 806 ,

193 833 397 893 dolore
429 842 488 892 δι
521 833 931 914 indignatione
963 833 1251 897 succensus
1289 880 1310 912 ,
1353 840 1592 920 corripit

193 939 537 1021 &castigat.
571 940 668 997 Sic
704 939 884 1021 igitur
911 937 974 998 hi
1002 957 1112 998 tres
1142 943 1336 1001 Poe’tae
1362 961 1462 1021 per
1487 944 1596 1001 Sa-

192 1042 373 1104 tiram
422 1042 587 1104 fuere
635 1039 971 1121 Philosophi
1010 1074 1028 1115 3
1071 1061 1262 1123 neque
1307 1044 1422 1102 ulla
1448 1045 1599 1103 inter

190 1165 409 1206 eorum
447 1145 656 1204 Satiras
676 1148 982 1228 quaerenda
1009 1141 1430 1205 est-diffierentia
1447 1189 1469 1218 ‚
1492 1143 1597 1205 nifi

192 1271 385 1333 quam
404 1247 656 1311 diversus
671 1268 775 1328 pro
792 1266 1127 1328 temporum
1147 1247 1416 1307 varietate
1438 1245 1599 1308 stilus

201 1354 490 1435 imposuit
519 1379 537 1419 ς
567 1354 779 1435 quippe
830 1351 994 1411 aliter
1036 1350 1233 1412 affecta
1273 1339 1446 1433 atque
1468 1352 1601 1411 ani-

207 1477 373 1518 mata
395 1453 631 1517 fuerunt
658 1449 1053 1517 Romanorum
1077 1454 1309 1538 ingenia
1335 1457 1601 1539 Augusto

208 1563 285 1620 de
301 1560 593 1619 reddenda
613 1561 919 1642 Republica
945 1565 1237 1644 cogitante
1258 1601 1278 1632 ,
1297 1559 1458 1635 aliter
1483 1563 1604 1621 Ne·

216 1682 356 1722 tone
395 1658 572 1725 Urbis
598 1662 937 1725 incendium
965 1667 1038 1724 ad
1074 1663 1170 1725 Ilii
1192 1648 1603 1744 conflagrantis

219 1764 544 1849 imaginem
564 1765 758 1826 habitu
784 1764 1003 1827 scenico
1019 1787 1051 1826 e
1069 1768 1211 1827 turri
1238 1768 1607 1828 Maecenatia-

220 1891 294 1931 na
325 1869 720 1951 prospectante
757 1912 776 1943 ‚
827 1869 993 1930 aliter
1026 1871 1210 1929 etiam
1255 1872 1606 1931 Domitiano

219 1972 429 2055 stupris
447 2021 467 2049 ,
481 1972 747 2038 caedibus,
764 1972 975 2055 rapinis
995 1973 1307 2044 dominum
1324 1993 1389 2033 ac
1417 1979 1611 2039 Deum

218 2076 275 2138 se
294 2094 558 2158 gerente.
607 2075 809 2151 Quam
858 2078 931 2136 ob
976 2097 1098 2139 rem
1123 2063 1612 2157 Juvenalis'fimul

219 2201 359 2241 cum
394 2179 508 2238 risu
537 2178 896 2243 excandescit
930 2198 963 2259 ,¹
999 2190 1052 2245 δι
1090 2179 1363 2267 Ῑμςυίειις
1394 2183 1612 2266 quippe

223 2287 499 2346 animum
520 2282 777 2343 cohibito
808 2282 916 2348 risu
944 2280 1270 2368 indignatio
1304 2283 1480 2358 subit,
1516 2289 1615 2348 de-

227 2388 554 2451 indedolor
566 2389 670 2472 qui
683 2385 852 2454 altius
876 2384 1080 2469 pressas
1108 2391 1334 2451 exardet
1359 2393 1420 2451 in
1444 2388 1616 2472 iram,

231 2505 291 2559 δι
321 2501 510 2555 Poe‘tae
539 2493 697 2556 velut
722 2491 1082 2570 aestuantibus
1108 2494 1432 2576 praecordiis
1455 2495 1619 2560 stilus

232 2598 478 2686 ignescit
501 2640 526 2674 ,
552 2618 672 2687 quo
695 2616 841 2660 mox
875 2616 1129 2662 armatus
1164 2608 1217 2663 &
1245 2597 1378 2661 vitia
1419 2608 1471 2662 δι
1508 2599 1620 2663 ho-

1252 2735 1295 2795 Q
