2065 3396
449 191 903 268 [DISSER
941 189 1343 264 TATIO.
1430 214 1580 278 va,

204 355 281 416 fic
309 353 415 417 effe
452 358 760 437 opinatum
794 374 861 416 ut
888 354 1136 420 diceret,
1174 351 1317 412 mira
1338 352 1583 414 humani

205 457 432 541 ingenii
456 458 612 541 'peste
629 461 971 540 sanguinem
1003 469 1058 519 δε
1099 460 1272 518 caedes
1291 460 1466 519 condi
1485 479 1587 518 an-

208 563 432 623 nalibus
452 612 469 636 ,
502 565 657 623 unde
690 543 1003 622 heminam
1029 562 1228 622 scelera
1252 563 1588 631 noscantur:

209 665 361 748 quafi
405 668 640 727 cunfios
671 667 742 727 ab
776 663 1038 726 Historia
1076 666 1361 729 dehortari
1381 670 1587 733 volue-

209 770 280 831 rit
296 816 317 844 ,
345 773 451 852 qui
476 789 679 829 tamen·
706 769 1069 849 peffimorum
1093 774 1431 854 Principum
1452 821 1470 849 ,
1486 795 1590 836 nee

210 878 412 940 minus
449 878 694 958 quidem
723 874 890 955 ipfiirs
919 879 1182 937 Neronis
1202 897 1290 937 tes
1312 875 1591 959 gestas·li-

211 978 321 1038 bris
369 1001 493 1039 uno
554 988 611 1040 &
677 970 918 1062 triginta
953 1003 988 1042 a
1016 981 1134 1043 fine
1189 978 1406 1040 Aufidii
1451 979 1590 1040 Baffi

210 1082 639 1163 conscripserat.
680 1087 850 1161 Qus
875 1085 1050 1144 libros
1074 1086 1305 1145 urinam
1323 1086 1487 1144 nobis
1508 1085 1595 1145 fu-

211 1191 442 1276 periora
473 1189 665 1249 saecula
698 1211 817 1250 non
862 1186 1231 1261 invidiss'ent,
1262 1201 1316 1253 δε
1361 1208 1593 1253 morem

212 1291 386 1351 illum
426 1310 679 1353 veterem
703 1342 720 1369 ‚
758 1311 935 1373 quem
976 1295 1052 1351 ad
1090 1293 1354 1374 Pompeii
1385 1288 1595 1378 M'agni

216 1414 482 1476 tempora
500 1397 803 1458 Cornelius
825 1399 1026 1478 Nepos
1045 1398 1283 1457 tradidit
1300 1439 1321 1470 ‚
1342 1400 1598 1461 revocari
1633 1468 1634 1471 Ἴ

218 1501 465 1584 placeret
481 1550 498 1578 ‚
542 1522 606 1562 ut
627 1499 881 1563 Historia
917 1523 1042 1562 non
1063 1500 1171 1562 niti
1192 1504 1262 1562 ab
1288 1501 1598 1565 honestiffi-

220 1627 326 1668 mo
349 1626 578 1690 quoque
599 1608 923 1668 scriberetur
946 1620 960 1670 ι
983 1603 1084 1671 S-ic
1103 1608 1267 1668 enim
1295 1609 1368 1667 ad
1393 1628 1598 1670 exent-

222 1714 451 1794 plorum
492 1712 671 1774 fidem
718 1717 1017 1776 accederet·
1036 1713 1253 1774 eximia
1300 1712 1601 1775 scribentis

220 1822 525 1881 austeritas
540 1863 560 1893 ,
579 1841 861 1904 magnum
877 1822 1079 1901 urique
1092 1835 1285 1879 rerum
1309 1817 1606 1899 gestatum

226 1922 543 1985 narrationi
577 1930 802 2005 pondus
829 1929 1125 1988 additura.

305 2052 380 2111 Id
409 2071 610 2113 autern
638 2075 715 2114 eo
743 2051 1012 2112 libentius
1043 2049 1136 2107 hic
1164 2039 1612 2109 commemoro&

233 2160 387 2240 quod
426 2179 489 2218 ut
519 2160 844 2222 Historiam
864 2157 934 2216 ab
980 2151 1364 2214 honestiffirno
1401 2153 1568 2216 scribi
1587 2168 1614 2230 ,¹

231 2259 301 2319 fic
338 2270 392 2323 δε
431 2283 664 2322 morum
712 2261 960 2322 satiram
1001 2262 1072 2319 ab
1105 2261 1336 2338 optimo
1377 2279 1617 2344 quoque

232 2366 509 2443 componi
547 2367 783 2427 addecet
825 2386 846 2434 ς
891 2386 970 2425 ne
1013 2383 1112 2423 aut
1156 2363 1403 2427 Historia
1429 2363 1618 2442 servili

239 2468 538 2530 mendacio
567 2472 868 2551 inquinata
894 2468 1188 2531 vanescere
1210 2473 1478 2552 incipiat,
1521 2485 1619 2534 aut

242 2571 424 2633 Satira
459 2575 524 2635 in
573 2573 899 2638 sceleratam
926 2575 1173 2637 αιιᾶοείε
1195 2576 1616 2639 conscientiam
