2065 3396
392 253 600 354 xxxvj
667 258 804 329 DE
841 252 1218 329 SATIRA
1251 252 1634 331 JUVEN.

390 410 694 494 dequaque
719 412 1050 477 admistum
1095 426 1150 479 &
1179 431 1323 476 teres
1346 450 1368 482 ,
1403 430 1608 473 vetum
1650 424 1784 470 tam

391 517 616 578 excelsae
652 517 974 580 altitudinis
991 560 1012 592 ‚
1042 539 1106 580 ut
1128 534 1403 588 cacumen
1429 563 1449 592 ,
1489 514 1644 598 quasi
1669 533 1786 573 nu-

389 620 553 681 bibus
586 623 861 685 insertum
881 665 901 692 ,
923 623 1247 704 conspicere
1275 641 1395 680 non
1421 619 1580 695 fit,ac
1605 637 1787 701 prop-

388 740 544 787 terea
579 726 719 789 Caeli
752 727 1086 788 columnam
1130 729 1204 787 ab
1244 725 1538 807 indigenis
1587 720 1792 803 appel-

386 829 516 897 lati.
554 832 700 908 Quo
736 831 893 893 sensu
924 830 1161 893 venuste
1194 829 1329 890 sane
1364 829 1575 887 dixerit
1601 827 1810 906 Juve--

391 933 540 992 nalis
571 933 797 1011 noster,
832 935 981 995 olim
1018 955 1157 995 cum
1195 931 1328 996 effet
1371 931 1549 1014 longe
1578 933 1782 992 minor

392 1036 685 1099 Coelitum
730 1040 891 1098 turba
916 1082 937 1111 ‚
970 1040 1187 1098 minori
1230 1039 1488 1117 pondere
1543 1033 1788 1117 preffam

394 1137 558 1201 fuiffe
586 1140 745 1203 Coeli
772 1141 1112 1202 columnam
1136 1141 1261 1204 {fin
1296 1139 1587 1199 Atlantem
1612 1140 1785 1199 nobis

395 1245 566 1307 Coeli
604 1246 862 1326 bajulum
897 1266 997 1306 aut
1043 1247 1346 1304 tibicinem
1386 1241 1544 1304 fuilse
1571 1245 1790 1326 imagi-

394 1371 605 1411 nemur
628 1392 649 1424 ,
678 1350 825 1411 illud
873 1348 1051 1410 etiam
1074 1347 1351 1430 aptiffime
1375 1350 1740 1430 quadravetit
1766 1378 1790 1423 3

395 1477 504 1518 nec
524 1457 633 1515 etit
661 1458 857 1516 minus
884 1450 1064 1513 facete
1089 1453 1317 1514 dietum
1343 1469 1521 1531 quarn
1544 1451 1607 1510 id
1621 1453 1787 1533 quod

395 1559 678 1619 lucianus
703 1561 765 1616 in
785 1556 1079 1617 Charonte
1098 1577 1287 1618 narrat
1307 1594 1329 1625 ,
1357 1555 1574 1614 Atlanti
1598 1572 1788 1637 quon-

395 1665 533 1724 dam
592 1662 780 1721 nimio
829 1664 1083 1742 pondere
1126 1661 1355 1721 nutanti
1397 1678 1568 1743 atque
1609 1658 1787 1721 labac-

394 1771 548 1832 centi
575 1769 883 1828 Herculem
918 1768 1201 1849 suppetias
1230 1762 1414 1826 tuliffe
1440 1809 1457 1835 ,
1501 1786 1565 1825 ac
1599 1764 1651 1827 se
1693 1767 1789 1846 ip·

396 1873 526 1940 sum
549 1877 711 1935 oneri
738 1870 1072 1954 supposniffe
1096 1867 1366 1948 tantisper
1394 1872 1532 1928 dum
1560 1869 1656 1931 ille
1670 1868 1787 1931 tef-

395 1981 629 2061 pitatet.
686 1982 961 2054 Denique
1004 1972 1149 2033 nihil
1189 1971 1359 2034 video
1396 1994 1496 2036 cur
1537 1974 1789 2038 insolens

391 2089 680 2166 judicetur
722 2087 815 2146 illa
845 2085 979 2142 ’ἄνισα
1031 2079 1322 2157 juvenalis
1353 2125 1372 2150 ‚
1403 2082 1786 2142 metuendum

394 2186 506 2248 else
556 2209 633 2247 ne
683 2187 935 2246 densiore
995 2190 1251 2244 Deorum
1301 2180 1464 2239 turba
1513 2201 1785 2260 gravatus

402 2289 563 2349 Atlas
584 2285 798 2346 fatiscat
840 2305 862 2354 ς
904 2305 1038 2343 cum
1065 2285 1254 2342 eidem
1282 2283 1534 2340 Luciano
1560 2286 1783 2345 venerit

342 2455 345 2462 ,
404 2396 466 2455 in
504 2412 761 2453 mentem
786 2387 892 2449 ista
919 2385 1237 2447 consimilis
1258 2423 1276 2452 ,
1302 2405 1413 2465 ptae
1442 2387 1779 2453 Numinum

404 2513 636 2575 quoque
694 2491 1072 2552 multitudine
1121 2487 1459 2551 ambtofiam
1494 2502 1549 2554 ε(
1587 2494 1782 2557 nectar

400 2596 845 2680 defeciffezejus
884 2598 1049 2659 enim
1091 2595 1257 2659 verba
1307 2600 1475 2680 sunt,
1519 2598 1786 2672 ἔπελέλαη
