2065 3396
447 254 535 316 86
647 257 728 314 D.
779 254 1066 316 IUNII
1119 250 1676 316 IUVENALIS

441 377 745 445 Segnipedes
765 407 782 435 ‚
800 375 1043 441 dignique
1071 377 1267 426 molam
1291 374 1485 427 versare
1507 374 1750 438 Nepotis.

442 470 581 534 Ergo
606 498 624 529 ‚
652 481 705 518 ut
732 467 979 517 miremur
1005 480 1059 517 te
1087 495 1105 526 ‚
1146 482 1253 516 non
1281 481 1365 517 tua
1390 494 1411 525 ‚
1463 465 1686 529 primum
1720 462 1825 517 ali·

739 553 859 616 quid
891 552 955 604 da

434 639 597 703 Quod
622 640 796 705 possim
823 640 986 691 titulis
1003 641 1226 693 incidere
1242 655 1419 707 praeter
1440 641 1658 693 honores
1671 676 1691 702 ‚

434 731 583 814 Qos
594 730 702 780 inis
715 729 910 792 damus,
924 733 976 782 δι
990 731 1224 784 dedimus
1242 763 1260 793 ,
1272 729 1447 796 quibus
1460 731 1637 783 omnia
1647 727 1821 782 debet·

492 906 622 961 Haec
651 905 766 959 satis
793 905 856 957 ad
881 903 1122 970 iuvenem
1146 935 1165 968 ,
1206 919 1362 970 quem
1400 908 1545 962 nobis
1566 913 1698 963 fama
1729 909 1814 963 su·

739 993 945 1060 perbum

432 1080 620 1135 Tradit
644 1111 663 1143 ‚
700 1082 759 1132 &
788 1079 1027 1133 inflatum
1056 1112 1075 1143 ,
1115 1084 1420 1148 plenumque
1448 1081 1659 1134 Nerone
1686 1095 1813 1147 pro·

742 1171 948 1236 pinque.
1226 1187 1230 1191 ’

430 1263 592 1312 Rarus
618 1258 759 1311 euim
784 1261 942 1308 ferme
966 1255 1131 1309 sensus
1157 1260 1445 1312 communis
1475 1261 1532 1311 in
1556 1260 1652 1313 ina

428 1348 668 1399 Fortuna.
710 1344 800 1396 sed
832 1359 882 1396 te
912 1345 1102 1398 censeri
1135 1346 1281 1398 laude
1308 1361 1547 1411 tuorum,

427 1438 666 1493 Pontice,
694 1434 950 1485 noluerim
967 1467 984 1493 ,
1012 1434 1076 1486 fic
1095 1450 1151 1486 ut
1171 1436 1304 1487 nihil
1324 1436 1427 1502 ipse
1443 1441 1618 1490 futurae

426 1526 611 1581 Laudis
651 1539 787 1590 agas.
836 1520 1084 1575 Miserum
1129 1522 1198 1573 est
1237 1521 1458 1576 aliorum
1507 1522 1802 1578 incumbere

725 1613 872 1660 famae
899 1639 918 1670 ,

417 1700 506 1752 Ne
533 1697 744 1763 collapsa
782 1713 927 1749 ruant
954 1695 1199 1751 subduffis
1226 1700 1357 1751 reeta
1379 1697 1662 1750 columnis.-

418 1791 604 1840 Stratus
628 1789 772 1840 humi
803 1790 992 1852 palmes
1020 1789 1196 1841 viduas
1227 1788 1467 1841 defiderat
1491 1790 1681 1841 ulmos·

417 1876 525 1930 Esto
549 1874 707 1927 bonus
723 1876 884 1946 'miles
900 1907 919 1938 ‚
946 1891 1085 1928 tutor
1112 1875 1274 1928 bonus
1297 1908 1315 1938 ,
1349 1876 1533 1929 arbiter
1561 1877 1703 1931 idem

416 1968 620 2032 Integer
638 1982 650 2013 ε
668 1964 914 2030 ambiguae
937 1962 976 2016 fi
1009 1964 1209 2027 quando
1235 1963 1450 2016 citabere
1474 1962 1609 2016 testis

413 2056 709 2116 Incertasque
728 2054 833 2112 rei,
858 2054 1075 2104 Phalaris
1098 2054 1221 2106 licet
1246 2054 1461 2117 imperet
1477 2081 1495 2112 ‚
1532 2064 1587 2102 ut
1617 2049 1677 2103 fia

413 2139 577 2193 Falsus
593 2175 612 2201 ,
648 2141 701 2190 ει
729 2140 937 2193 admoto
967 2142 1126 2195 diaet
1151 2142 1366 2208 periuria
1392 2155 1569 2201 tauro,

405 2234 673 2283 Summum
692 2229 837 2280 crede
859 2233 993 2282 nefas
1019 2233 1246 2284 animam
1264 2232 1492 2297 praeferre
1507 2225 1718 2292 pudori,

406 2321 471 2371 Et
496 2333 696 2382 propter
723 2318 885 2369 vitam
912 2318 1124 2370 vivendi
1165 2318 1373 2384 perdere
1402 2316 1596 2366 cauffas.

401 2404 604 2468 Dignus
621 2417 786 2454 morte
805 2404 933 2468 perit
950 2435 968 2462 ‚
1013 2419 1177 2455 coenet
1193 2405 1313 2457 licet
1329 2407 1481 2458 ostrea
1498 2418 1706 2455 centum

403 2495 634 2545 Gaurana
651 2522 668 2553 ,
695 2493 748 2542 86
776 2490 952 2545 Cosmi
978 2506 1090 2543 toto
1115 2507 1369 2559 mergatur
1395 2493 1585 2546 aheno·

450 2663 755 2730 -Exspestata
789 2664 879 2718 diu
908 2665 1117 2720 tandem
1143 2667 1411 2721 Provincia
1441 2683 1556 2720 cum
1586 2681 1639 2720 te
