2065 3396
643 295 1159 357 SATIRA
1254 304 1360 361 ΙΙ.
1481 319 1633 365 ,τοι

269 419 343 474 Et
358 429 531 470 tamen
556 418 641 472 hic
655 424 786 475 extis
801 456 818 485 ‚
854 427 906 475 86
926 428 1101 491 opimo
1119 426 1321 478 vincere
1334 430 1466 479 ferto

268 505 507 559 Intendit
520 528 535 556 .·
556 508 658 572 iam
676 513 849 567 crescit
866 530 984 581 aget
1000 547 1018 577 ,
1046 509 1152 577 iam
1176 512 1348 565 crescit
1360 514 1500 564 ovile
1516 528 1538 577 ς’

267 596 388 650 Jam
404 593 600 648 dabitur
614 630 631 658 ,
654 598 755 661 iam
770 600 898 660 ,iam
916 633 933 663 ‚
950 601 1113 652 donec
1128 601 1384 668 deceptus,
1404 605 1455 653 86
1474 599 1646 666 exspes

262 682 621 746 Nequicquam
638 687 796 738 fundo
823 686 1027 753 suspiret
1058 705 1293 741 nummus
1314 690 1370 739 in
1384 689 1514 740 imo.

328 860 379 912 si
400 859 495 913 tibi
511 874 721 912 crateras
741 860 974 926 argenti,
1002 861 1262 925 incusaque
1289 862 1468 928 pingui

264 952 417 1005 Auro
436 948 570 998 dona
585 951 772 1010 fetam,
806 948 948 1001 sudes
966 951 1019 1000 86
1039 951 1237 1014 pectore
1253 952 1385 1003 laevo
1419 933 1425 941 ⁶

198 1050 204 1056 ’
264 1038 504 1093 Excutias
529 1052 689 1103 guttas
713 1067 731 1099 ‚
762 1039 919 1089 laetari
945 1038 1298 1103 praettepidum
1326 1055 1412 1090 cor
1438 1054 1459 1091 z

259 1125 407 1179 Hinc
426 1123 559 1174 inud
579 1122 726 1198 subiit
740 1155 758 1187 ‚
787 1142 904 1176 auro
922 1126 1074 1177 factas
1096 1126 1229 1188 quod
1244 1140 1400 1177 ovato

263 1212 503 1266 Perducis
530 1214 698 1265 facies.
731 1216 873 1267 Nam
895 1217 1070 1265 fratres
1089 1215 1222 1264 inter
1234 1216 1426 1265 ahenos

256 1303 475 1357 Somnia
501 1303 679 1367 pituita
697 1306 780 1368 qui
816 1305 1150 1370 purgatiffima
1166 1304 1380 1355 mittunt
1393 1333 1415 1366 2

260 1392 506 1460 Pxaecipui
525 1391 703 1452 sunto,
732 1389 886 1453 fitque
913 1391 1022 1442 inis
1051 1407 1195 1442 autea
1212 1388 1382 1442 barba.

326 1571 532 1619 Aurum
545 1596 561 1627 ‚
587 1562 701 1617 vasa
715 1566 907 1617 Numae
925 1596 942 1626 ,
971 1564 1290 1627 Saturniaque
1304 1562 1513 1630 impulit
1523 1578 1648 1626 κη,

261 1651 580 1717 Vestalesque
598 1668 743 1705 umas
756 1685 772 1713 ,
803 1655 856 1706 86
877 1654 1099 1707 Tuscum
1120 1649 1281 1705 fietile
1301 1668 1477 1707 mutat.

258 1747 311 1800 O
328 1759 491 1796 cutvae
505 1745 561 1795 in
575 1744 719 1796 tetris
736 1745 919 1795 animae
937 1773 956 1804 ‚
974 1746 1028 1795 86
1045 1743 1319 1795 coelestium
1334 1742 1509 1795 inanes
1528 1743 1542 1795 Ξ

261 1832 406 1894 Quid
425 1831 562 1893 iuvat
576 1831 672 1881 hoc
686 1861 703 1891 ‚
723 1831 928 1894 templis
947 1812 1137 1881 nostres
1152 1827 1434 1881 immittere
1447 1847 1639 1895 metes,

259 1923 327 1974 Et
355 1916 488 1967 bona
503 1919 622 1967 Diis
644 1933 711 1967 ex
733 1919 822 1966 hac
835 1916 1071 1967 scelerata
1086 1917 1266 1968 ducere
1284 1919 1428 1980 pulpa
1445 1919 1471 1969 ἒ

258 2007 392 2059 Haec
423 1999 511 2053 fibi
529 2017 759 2066 cortupto
775 2000 949 2052 cafiam
967 2002 1191 2054 dissolvit
1218 2004 1362 2053 olivo
1378 2035 1396 2065 ,

256 2093 327 2146 Et
346 2086 616 2144 Calabturn
646 2091 787 2142 coxit
813 2091 992 2140 vitiato
1018 2091 1209 2140 murice
1238 2090 1433 2151 venun

258 2183 385 2236 Haec
397 2178 599 2230 baccam
618 2179 817 2228 conchae
835 2177 988 2229 tafiss‘e
1002 2213 1017 2235 ,
1044 2180 1097 2228 86
1116 2174 1355 2241 stringere
1372 2192 1526 2229 venas

256 2268 527 2324 'Ferventis
552 2267 713 2316 mass'ae
738 2264 891 2316 crudo
914 2265 978 2315 de
993 2267 1200 2331 pulvere
1216 2263 1366 2329 juffit.

252 2363 429 2414 Peccat
445 2357 498 2409 86
518 2356 619 2405 haec
635 2384 652 2414 ,
680 2367 846 2418 peccat
861 2370 877 2416 ς
895 2353 1027 2403 vitio
1052 2367 1224 2403 tamen
1253 2353 1408 2403 utitur
1425 2370 1441 2416 ς
1459 2366 1511 2403 at
1535 2367 1632 2405 vos

249 2447 429 2500 Dicite
443 2438 707 2509 pontifices
722 2471 738 2501 ,
758 2443 814 2491 in
843 2438 1009 2490 saneto
1026 2439 1145 2503 quid
1169 2440 1287 2489 facit
1300 2455 1476 2489 aurum
1490 2440 1515 2490 ?

249 2534 458 2596 Nempe
474 2532 591 2588 hoc,
607 2528 740 2591 quod
752 2528 948 2579 Veneti
965 2528 1164 2579 donatae
1182 2546 1210 2579 a
1223 2527 1423 2592 virgine
1436 2542 1625 2593 puppae.

252 2618 397 2683 Quin
434 2618 609 2670 damus
646 2616 704 2668 id
730 2612 914 2682 superis
941 2647 960 2679 ‚
1005 2615 1072 2668 de
1108 2627 1292 2682 magna
1331 2614 1465 2681 quod.
1503 2614 1628 2669 date

513 2704 656 2756 lance
