2065 3396
507 250 859 311 SATIRA
907 256 1024 312 XI.
1086 257 1267 312 LIB.
1318 261 1432 317 IV.
1524 279 1631 320 121

254 368 499 440 Haedulus
513 404 531 436 ,
546 377 601 426 δε
619 389 729 427 toto
746 391 897 443 grege
919 376 1131 427 mollior
1145 406 1162 436 ,
1181 375 1363 429 inscius
1376 364 1540 432 herbae
1557 415 1577 444 ‚

256 456 500 509 Necdum
527 460 664 513 ausus
693 463 860 529 virgas
879 463 1093 515 humilis
1112 464 1348 515 mordere
1379 465 1536 519 salidh
1554 499 1574 530 ‚

254 545 366 608 Qi
381 547 493 610 plus
510 549 649 599 laffis
664 546 812 600 habet
826 579 843 608 ‚
862 564 1010 614 quam
1023 547 1305 615 sanguinis·
1329 552 1384 602 86
1403 557 1637 609 montani

254 630 532 700 Asparagi,
567 634 724 699 pofito
748 650 870 698 quos
897 637 1026 701 legit
1050 636 1222 689 villica
1247 636 1372 688 fuso.

255 719 492 777 Grandia
524 734 758 784 praeterea
776 751 792 780 ,
824 736 1056 785 tortoque
1080 725 1296 773 calentia
1314 727 1456 778 foeno

252 807 374 856 Ova
390 803 567 858 adsunt
586 806 699 871 ipfis
731 822 846 856 cum
873 806 1115 858 matribus
1136 841 1153 869 ,
1186 810 1240 859 δε
1267 808 1471 864 servatae

254 873 404 945 Parte
424 895 578 956 anni,
616 895 782 958 quales
804 898 998 947 fuerant
1022 897 1077 946 in
1097 896 1284 967 vitibus
1303 931 1319 958 ‚
1356 918 1499 967 uvae;

252 979 529 1043 Signinum
548 1011 566 1040 ,
585 982 874 1045 Syriumque
896 998 1077 1046 pyrum
1091 1014 1109 1044 ,
1131 983 1195 1035 de
1213 986 1437 1039 corbibus
1449 990 1635 1046 iisdem

255 1063 470 1115 AEmula
492 1066 718 1126 Picenis,
751 1070 805 1118 δε
833 1069 1004 1120 odoris
1034 1073 1170 1122 mala
1200 1074 1414 1125 recentis
1432 1107 1452 1137 ,

255 1152 376 1204 Nec
396 1152 669 1203 metuenda
687 1153 779 1205 tibi
795 1186 812 1215 ,
841 1153 1070 1207 ficcatum
1088 1160 1277 1225 frigore
1292 1164 1547 1225 postquam

256 1243 617 1302 Autumnum,
645 1242 699 1291 &t
731 1242 869 1294 crudi
901 1244 1106 1308 posuere
1126 1249 1343 1312 pericula
1362 1249 1509 1304 succi.
1577 1306 1582 1308 ,

254 1330 383 1383 Haec
402 1330 534 1379 olim
564 1330 715 1380 nostri
738 1328 841 1391 iam
864 1330 1114 1383 luxuriosa
1147 1339 1352 1390 Senatus

254 1415 422 1465 Coena
444 1417 562 1467 fuit.
597 1417 778 1470 Curius
791 1445 809 1475 ,
837 1429 990 1479 parvo
1006 1432 1112 1481 quae
1130 1421 1322 1489 legerat
1342 1426 1493 1478 horto
1506 1456 1526 1488 5

254 1501 364 1566 Ipse
383 1505 506 1554 focis
527 1503 765 1557 brevibus
776 1503 991 1568 ponebat
1011 1507 1229 1564 oluscula
1243 1545 1260 1574 ,
1290 1529 1396 1578 quae
1415 1533 1548 1569 nunc

253 1593 516 1655 Squalidus
538 1594 593 1644 in
615 1609 798 1660 magna
818 1595 1000 1647 fastidit
1021 1603 1266 1662 compede
1286 1607 1434 1657 foss'or
1450 1637 1468 1666 ,

255 1680 365 1743 Qi
388 1678 631 1733 meminit
661 1681 834 1735 calidae
863 1681 1015 1748 sapiat
1030 1687 1151 1749 quid
1185 1696 1333 1747 vulva
1354 1697 1571 1762 popinae.

252 1768 388 1820 Sicci
416 1781 555 1834 terga
571 1768 667 1820 suis
689 1801 707 1830 ,
739 1787 845 1822 rara
860 1772 1132 1838 pendentia
1152 1793 1285 1831 crate
1299 1817 1319 1843 ,

254 1857 425 1909 Moris
443 1872 551 1909 erat
572 1859 828 1921 quondam
848 1863 978 1916 festis
1003 1862 1195 1915 servare
1216 1865 1392 1919 diebus
1406 1898 1425 1930 ,

258 1945 325 1995 Et
351 1944 635 1996 natalitium
675 1949 900 2012 cognatis
929 1953 1117 2011 ponere
1146 1951 1342 2004 lardum
1359 1983 1378 2014 ,

259 2032 555 2086 Accedente
577 2051 740 2093 nova,
775 2035 812 2086 fi
845 2052 995 2100 quam
1016 2035 1162 2090 dabat
1185 2039 1339 2090 hostia
1355 2069 1372 2100 ,
1404 2055 1571 2094 carne.

258 2107 612 2185 cognatorum
641 2124 818 2185 aliquis
835 2128 987 2178 titulo
1016 2141 1093 2180 ter
1115 2126 1349 2180 Consulis
1363 2159 1381 2189 ,
1399 2133 1548 2193 atque

260 2210 549 2261 Castrorum
581 2212 810 2275 imperiis
828 2243 846 2273 ,
871 2215 924 2264 δε
948 2214 1225 2268 Βίἃατοῐίς
1257 2215 1454 2267 honore

224 2331 229 2338 ·
260 2296 513 2357 Funditus,
541 2297 606 2347 ad
646 2299 732 2349 has
757 2304 920 2364 epulas
949 2301 1100 2355 solito
1121 2301 1359 2354 maturius
1383 2301 1521 2365 ibat,
1581 2363 1586 2369 .

261 2382 500 2435 Ereikum
519 2382 720 2437 domito
742 2390 958 2441 referens
985 2408 1014 2443 a
1045 2406 1224 2444 monte
1247 2393 1498 2460 ligonem.

321 2560 458 2613 Cum
470 2571 750 2613 tremerent
764 2576 932 2616 autem
944 2561 1122 2615 Fabios
1136 2594 1155 2625 ,
1184 2551 1460 2629 durumque
1478 2573 1635 2623 Cato-

404 2701 411 2708 ,
480 2694 484 2699 .
571 2662 691 2697 nem
714 2679 733 2711 ,

1299 2742 1348 2792 L
