2065 3396
416 169 566 247 ’ΒΕ
609 171 830 249 SAT.
870 169 1206 248 IUVEN.
1252 178 1434 255 ms.
1503 177 1653 281 ‘xvij-

256 356 322 399 ro
346 338 663 403 Horatium
693 342 911 407 curiose
935 343 1351 407 considerando
1377 365 1502 409 tam
1537 349 1648 408 ad-

258 444 591 506 mirabilem
619 444 730 507 effe
750 449 985 522 docuit,
1005 467 1073 509 ut
1113 449 1396 535 plerisque
1419 459 1542 533 jam
1579 449 1667 515 in*

257 549 436 610 Perfio
461 552 651 613 nimia
672 552 853 614 Stoici
876 552 1162 633 supercilii
1199 554 1495 618 morositas
1515 561 1644 633 jure

256 652 563 734 displiceat.
604 655 899 726 Juvenalis
942 656 1253 738 ingenium
1296 661 1471 720 ambo
1513 662 1642 744 qui-

255 757 386 817 dem
413 760 566 821 certe
594 759 971 822 laudaverunt
996 801 1016 831 ‚
1061 757 1132 817 fic
1157 776 1351 823 tamen
1380 781 1443 823 ut
1475 764 1541 823 in
1567 784 1642 826 eo

254 855 391 939 saepe
421 861 776 923 acerbiorem
799 862 1136 944 increpandi
1159 862 1462 926 libidinem
1481 912 1500 941 ,
1540 863 1640 928 sae-

250 981 318 1042 pe
341 967 525 1026 etiam
566 965 891 1030 Rhetoricae
913 972 1261 1051 arrogantiae
1295 969 1450 1051 quafi
1480 969 1641 1030 lasci-

246 1069 402 1129 viam
429 1106 451 1140 ‚
498 1093 566 1133 ac
612 1074 865 1154 denique
910 1071 1401 1132 declamationem
1444 1071 1636 1152 potitis

240 1174 420 1256 quim
444 1179 698 1238 Satiram
727 1175 832 1252 effe
857 1173 1391 1258 pronunciaverint.

322 1299 507 1374 Qod
518 1300 804 1373 judicium
823 1344 843 1372 ,
860 1293 1304 1380 praestantiffime
1321 1297 1630 1367 'fl-luant,

233 1396 375 1461 etim
401 1399 465 1461 fit
487 1400 751 1464 virorum
790 1401 1104 1480 multiplici
1139 1397 1440 1476 doctrina,
1491 1398 1632 1462 ficut

232 1506 468 1587 optime
491 1508 681 1577 nosti,
726 1506 1168 1583 excellentium,
1211 1526 1438 1591 magnae
1471 1505 1628 1567 sem-

233 1630 342 1693 per
361 1613 716 1673 aucioritatis
751 1614 904 1694 apud
926 1632 1133 1672 omnes
1154 1609 1277 1676 fore
1298 1634 1422 1678 non
1445 1615 1622 1675 dubi-

240 1731 327 1776 to.
363 1720 573 1801 Neque
617 1718 704 1779 fas
745 1716 851 1781 effe
892 1721 1181 1780 crederem
1222 1719 1295 1779 de
1321 1718 1623 1800 juvenalis

232 1819 413 1883 Saritai
454 1819 796 1885 sententiam
839 1824 909 1884 ab
941 1841 1147 1885 eorum
1196 1821 1478 1901 opinione
1524 1821 1619 1883 vel

128 1929 140 1939 “
228 1927 556 1990 minimum
584 1926 966 1990 distedentem
987 1925 1205 2009 aperire
1228 1967 1250 1999 ,
1288 1925 1392 1985 nifi
1415 1946 1513 1986 me
1554 1928 1620 1987 id

225 2050 362 2091 cum
392 2034 731 2094 eorumdem
759 2053 896 2115 pace
915 2052 982 2093 ac
1003 2035 1176 2096 venia
1195 2029 1487 2091 festarum
1521 2027 1621 2090 in-

224 2134 553 2217 telligerem
581 2177 601 2209 ‚
627 2136 1039 2219 disceptatione
1059 2182 1078 2211 ,
1114 2152 1281 2194 more
1303 2139 1618 2213 majorum,

225 2236 478 2301 honesto
505 2238 712 2303 scilicet
737 2261 801 2302 ac
827 2241 1187 2315 verecundo,
1237 2257 1358 2297 non
1405 2234 1618 2300 canino

227 2341 344 2403 isto
390 2342 493 2426 qui
530 2363 652 2406 tam
705 2345 922 2405 multos
955 2344 1131 2406 hodie
1173 2341 1398 2401 rabidos
1448 2342 1621 2422 agit,

228 2445 533 2521 institut&
563 2450 985 2531 praesertimque
1027 2448 1182 2529 apud
1226 2465 1282 2509 te
1306 2465 1488 2528 quem
1526 2442 1617 2506 ini

228 2549 337 2632 ipfi
356 2550 616 2615 litteratae
641 2553 926 2636 sapientiae
944 2571 1212 2638 proceres
1234 2548 1531 2615 summum
1551 2547 1621 2615 si}

1271 2660 1321 2717 B
