2065 3396
406 237 542 310 ⁴¹04
598 239 675 293 D.
716 239 992 299 JUNII
1036 243 1603 303 IUVENALIS

402 358 678 410 Gemmata
694 391 711 420 ,
738 361 793 411 &
820 365 923 414 lato
939 365 1173 417 Setinum
1191 365 1387 418 ardebit
1403 367 1457 416 in
1475 383 1617 418 auro·

397 443 582 497 Jamne
607 446 766 512 igitur
782 450 950 502 laudas
969 486 984 510 ,
1014 454 1149 516 quod
1168 454 1234 506 de
1249 454 1550 519 sapientibus
1563 456 1697 507 alter

398 527 621 583 Ridebat
636 563 654 594 ‚
677 537 874 598 quoties
897 538 962 591 de
988 542 1178 593 limine
1203 556 1438 594 moverat
1462 559 1620 594 unum
1639 574 1658 603 ‚

399 619 778 687 Protuleratque
790 627 1001 689 pedem3
1020 627 1173 682 flebat
1193 631 1477 683 contrarius·
1487 633 1657 682 auctor
1672 632 1700 682 ?

398 707 497 759 Sed
521 710 682 762 facilis
703 716 862 768 cuivis
889 716 1047 782 rigidi
1081 716 1285 769 censura
1310 718 1578 773 cachinnis

401 796 698 850 Mirandum
715 803 810 864 est,
834 801 968 856 unde
981 804 1076 855 ille
1097 806 1255 856 oculis
1270 805 1517 859 suffecerit
1531 810 1751 862 humor.

397 885 646 952 Perpetuo
670 889 769 943 risu
799 894 1100 958 pulmonem
1124 892 1313 958 agitare
1341 893 1535 949 solebat

401 972 1057 1044 Democritus2quanquam
1091 996 1198 1031 non
1226 983 1382 1034 effent
1399 981 1601 1034 urbibus
1618 983 1734 1037 iuis

402 1060 653 1116 Praetexta
671 1097 690 1127 ‚
706 1067 761 1118 δε
774 1067 954 1120 trabeae
966 1098 984 1129 ‚
1001 1065 1149 1119 fasces
1166 1099 1186 1130 ,
1199 1070 1376 1121 lestica
1388 1103 1405 1132 ,
1420 1069 1666 1124 tribunal.

404 1148 549 1215 Qid
564 1182 581 1212 2
606 1150 646 1203 fi
663 1154 863 1209 vidiffet
879 1159 1154 1211 Praetorem
1180 1158 1237 1209 in
1255 1156 1476 1209 curribus
1502 1159 1620 1208 altis
1777 1212 1786 1217 „

402 1234 701 1307 Ex‘ghantem
720 1272 738 1302 ‚
774 1244 828 1294 δε
854 1245 1032 1298 medio
1061 1245 1333 1298 sublimem
1350 1246 1406 1296 in
1424 1247 1628 1310 pulvere
1651 1244 1800 1300 Circi

404 1324 472 1403 In
498 1328 668 1378 tunica
695 1332 838 1384 Jovis
854 1365 872 1394 ,
900 1336 956 1386 δε
979 1335 1123 1401 Ρίἂκ
1149 1339 1354 1388 Sarrana
1376 1335 1630 1384 ferentem

404 1410 487 1470 Ex
516 1418 740 1470 humeris
767 1423 925 1473 aulaea
946 1437 1083 1488 togae
1106 1453 1125 1484 ,
1154 1437 1447 1488 magnaeque
1481 1437 1682 1473 cotonae

404 1504 638 1556 Tantum
654 1505 832 1567 orbem
847 1538 866 1569 2
890 1524 1078 1575 quanto
1094 1510 1271 1563 cervix
1287 1526 1391 1560 non
1410 1508 1588 1561 sufficit
1603 1509 1710 1559 ulla
1722 1508 1750 1559 ἓ

404 1593 611 1658 Quippe
623 1607 765 1651 tenet
778 1593 954 1648 sudans
971 1600 1098 1649 hanc
1112 1594 1336 1663 publicus
1352 1629 1370 1659 ‚
1388 1599 1441 1649 &
1459 1596 1547 1648 fibi
1566 1595 1760 1652 Consul

407 1682 499 1737 Ne
527 1684 749 1748 placeat,
781 1700 928 1739 curru
951 1686 1119 1740 servus
1148 1701 1370 1753 portatur
1393 1685 1600 1739 eodem.

404 1773 491 1826 Da
512 1789 644 1823 nunc
661 1775 714 1824 δε
732 1777 994 1828 volucrem
1021 1807 1041 1837 ‚
1070 1774 1260 1843 sceptro
1285 1792 1392 1840 quae
1407 1773 1564 1844 surgit
1584 1772 1800 1839 eburno,

409 1863 563 1914 Illinc
589 1864 870 1915 cornicines
887 1896 905 1924 ‚
931 1865 1055 1916 hinc
1091 1865 1420 1927 praecedentia
1445 1862 1594 1927 longi

414 1953 668 2019 Agminis
687 1953 859 2006 ,officia
872 1986 890 2014 ‚
924 1956 979 2005 δε
1003 1954 1183 2006 niveos
1212 1954 1274 2004 ad
1292 1955 1433 2005 frena
1447 1951 1707 2013 Quirites,
1790 1975 1794 1979 ·

352 2086 363 2115 ·.
409 2042 617 2098 Defoss‘a
638 2042 693 2092 in
714 2044 893 2094 loculis
912 2074 929 2103 ‚
951 2056 1074 2105 quos
1105 2040 1322 2107 sportula
1353 2041 1472 2093 fecit
1499 2023 1708 2093 amicos.

411 2134 559 2187 Tum
572 2147 767 2196 quoque
783 2132 1049 2184 materiam
1078 2129 1199 2181 risus
1227 2129 1428 2180 invenit
1447 2128 1509 2179 ad
1529 2143 1712 2193 omnes

412 2221 660 2276 Occursus
675 2221 948 2273 hominum
962 2251 979 2280 ‚
1009 2218 1085 2283 cui
1093 2235 1146 2270 us
1170 2217 1432 2283 prudentia
1446 2218 1685 2268 monstrat

413 2312 655 2362 Summos
680 2308 812 2373 poffe
827 2309 965 2360 viros
981 2340 997 2369 ,
1024 2308 1078 2359 δε
1091 2322 1275 2372 magna
1289 2309 1525 2373 exempla
1536 2307 1734 2358 daturos

419 2399 717 2449 Vervecum
731 2395 788 2446 in
813 2396 996 2461 patria,
1020 2399 1267 2460 craffoque
1291 2393 1377 2447 sub
1402 2394 1515 2445 a'e're
1541 2393 1692 2444 nasci.

421 2480 643 2535 Ridebat
666 2499 802 2534 curas
828 2515 846 2544 ‚
874 2500 965 2535 nec
992 2501 1098 2535 non
1126 2485 1179 2536 8ε
1205 2483 1386 2551 gaudia
1407 2484 1587 2548 vulgi,

424 2570 689 2625 Interdum
718 2572 773 2622 δε
804 2574 1047 2636 lacrymas
1072 2601 1090 2633 ‚
1129 2585 1244 2624 cum
1285 2573 1520 2624 Fortunae
1561 2567 1663 2637 ipse
1703 2569 1797 2622 mi-

739 2659 851 2712 n'aci
