2065 3396
435 245 485 305 '5
639 250 718 306 D.
770 250 1032 311 JUNH
1088 249 1642 312 IUVENALIS
1759 244 1776 271 ⁸

442 376 609 428 Natus
621 373 682 425 ad
697 367 997 439 Euphratem
1013 403 1032 435 ,
1047 376 1233 424 molles
1249 374 1383 437 quod
1403 376 1460 426 in
1474 391 1591 426 aure
1603 377 1866 429 fenestra

363 500 367 517 f
445 462 730 527 Arguerint
744 493 761 524 ‚
778 463 897 515 licet
914 461 1017 527 ipse
1039 477 1227 528 negem
1240 481 1259 528 ς
1282 460 1367 514 sed
1377 462 1596 526 quinque
1611 462 1728 516 tabe
1735 479 1858 514 rnae
1875 484 1880 487 ·
1905 482 1934 506 ··

447 550 832 619 Quadringenta
848 565 1039 618 parant.
1055 549 1205 617 'Qid
1220 552 1417 602 confert
1436 566 1645 617 purpura
1662 552 1855 616 major

445 636 742 702 optandum
764 671 781 700 ‚
822 637 861 690 fi
888 640 1130 691 Laurenti
1147 638 1356 691 custodit
1369 641 1427 690 in
1445 654 1570 706 agro

445 725 732 778 Conductas
770 728 1022 780 Corvinus
1043 743 1163 779 oves
1186 728 1210 777 ?
1234 731 1344 794 Ego
1357 729 1574 792 poffideo
1593 731 1704 794 plus

445 813 674 864 Pallante
694 844 711 873 ,
737 814 791 864 δε
815 815 1034 866 Licinis.
1047 814 1363 892 ‘Exspestent
1384 832 1507 882 ergo
1528 816 1755 869 Tribuni
1774 836 1798 882 ς

446 902 674 951 Vincant
707 900 937 966 divitiae3
970 903 1107 955 sacro
1129 920 1220 955 nec
1241 902 1383 955 cedat
1398 904 1624 966 honori,

449 989 628 1053 Nuper
644 989 702 1038 in
720 988 1043 1049 hanc'urbem
1061 989 1265 1057 pedibus
1296 992 1384 1054 qui
1403 1008 1608 1044 venerat
1625 991 1759 1045 albis
1776 1010 1795 1046 z

454 1077 880 1143 Quandoquidem
894 1063 1027 1131 inter
1048 1096 1138 1130 nos
1159 1078 1452 1133 sanstiffima
1466 1081 1780 1135 divitiarum.

453 1166 681 1230 Maiestas
704 1186 723 1233 3
753 1166 843 1220 etfi
871 1170 1058 1220 funesta
1081 1170 1299 1220 Pecunia
1325 1172 1519 1235 templo

455 1257 709 1309 Nondum
751 1256 940 1309 habitas
957 1287 976 1319 ,
1008 1259 1171 1309 nullas
1203 1274 1530 1311 nummorum
1573 1259 1843 1313 ereximus

772 1362 873 1397 aras
892 1376 910 1408 ,

456 1435 531 1482 Ut
552 1432 732 1484 colitur
757 1435 893 1495 Pax,
920 1445 1066 1496 atque
1092 1432 1272 1496 Fides,
1298 1432 1561 1494 wamia,
1575 1432 1795 1499 Virtus,

458 1519 682 1581 Qaeque
709 1515 918 1571 salutato
942 1519 1149 1585 crepitat
1182 1520 1471 1575 Concordia
1493 1519 1642 1574 nido.

518 1645 614 1698 Sed
651 1661 768 1697 cum
793 1643 1017 1697 summus
1035 1646 1201 1700 honor
1218 1644 1371 1701 finito
1395 1665 1653 1717 computet
1664 1667 1797 1704 anno
1816 1680 1835 1714 ‚

455 1733 681 1797 Sportula
707 1732 830 1797 quid
866 1734 1047 1786 referat
1064 1765 1080 1795 ‚
1095 1749 1336 1798 quantum
1355 1740 1630 1793 rationibus
1647 1740 1794 1794 addat
1812 1759 1834 1806 ς

458 1821 599 1887 Quid
625 1823 809 1874 facient
842 1822 1088 1884 comites,
1108 1821 1283 1887 quibus
1303 1824 1424 1876 hinc
1452 1840 1571 1893 toga
1589 1860 1608 1892 ‚
1646 1832 1838 1884 calceus

770 1912 891 1964 hinc
921 1913 1019 1973 est,

456 2004 524 2054 Et
537 2000 676 2067 panis
691 2030 710 2061 ‚
736 1998 998 2063 fumusque
1013 1998 1160 2051 domi
1176 1999 1201 2051 ἓ
1219 2000 1520 2053 Denfiffima
1541 2018 1742 2057 centum

463 2088 778 2151 Qadrantes
798 2088 973 2138 lectica
991 2087 1145 2152 petit3
1174 2087 1483 2151 sequiturque
1504 2090 1745 2143 maritum

461 2177 725 2244 Languida
739 2208 756 2237 ‚
778 2178 864 2228 vel
891 2191 1150 2242 praegnans
1168 2206 1185 2236 ‚
1216 2176 1268 2225 86
1287 2175 1673 2226 circumducitur
1687 2196 1830 2233 uxor.

463 2265 570 2315 Hic
598 2264 726 2328 petit
753 2261 977 2324 absenti,
1008 2275 1125 2313 nota
1152 2260 1256 2321 iam
1288 2261 1496 2310 callidus
1516 2276 1653 2322 arte,
1682 2286 1685 2289 ⁴

464 2348 744 2399 Ostendens
761 2351 1044 2409 vacuam‚8c
1059 2344 1270 2398 clausam
1293 2359 1383 2409 pro
1399 2346 1613 2410 conjuge
1625 2345 1791 2398 sellam
1808 2371 1827 2415 ς

468 2437 621 2489 Galla
637 2452 752 2487 mea
768 2440 836 2488 est
850 2470 868 2499 ‚
889 2437 1083 2500 inquit:
1108 2433 1252 2483 citius
1282 2431 1514 2483 dimitte:
1533 2435 1741 2485 moraris
1760 2437 1781 2486 ἓ

468 2525 641 2576 Profer
665 2526 816 2577 Galla
833 2540 993 2592 caput.
1032 2520 1167 2574 Noli
1183 2535 1368 2572 vexare
1383 2550 1401 2583 ‚
1428 2519 1655 2587 quiescit.

530 2651 639 2717 Ipse
653 2650 759 2704 dies
775 2654 980 2718 pulchro
998 2650 1317 2719 distinguitur
1333 2651 1512 2705 ordine
1527 2668 1692 2706 rerum
1706 2684 1734 2718 ,
