2065 3396
605 300 1166 361 SATIRA
1252 304 1299 360 1.
1510 299 1617 375 193

234 423 378 499 Scire
402 439 547 479 tuum
568 428 700 479 nihil
715 428 780 477 est
801 456 819 488 ‚
845 425 937 477 nisi
957 440 1007 478 te
1024 423 1147 478 scire
1165 427 1261 479 hoc
1273 409 1535 480 sciat'alter
1553 428 1579 477 Ξ

242 517 323 565 At
340 515 604 579 pulchrum
618 516 684 565 est
694 513 863 579 digito
879 512 1161 574 monstrari,
1178 514 1231 563 &
1244 512 1421 584 dicier,
1438 514 1523 569 hic
1534 515 1630 568 est·

242 600 383 651 Ten’
401 600 702 651 cirratorum
729 614 935 651 centum
956 600 1141 652 difflata
1175 600 1326 652 fuisse

245 689 347 739 Pro
377 688 542 738 nihilo
570 686 753 753 pendas
769 689 793 738 ?
817 688 945 738 Ecce
964 688 1100 739 inter
1114 690 1291 752 pocula
1310 702 1536 753 quaerunt

245 773 540 832 Romulidae
563 773 748 838 saturi,
769 774 892 839 quid
912 774 996 826 dia
1018 773 1256 828 Po'e'mata
1275 790 1496 828 narrent.

246 859 355 913 Hic
386 860 565 924 aliquis
600 892 618 922 ,
659 862 741 913 cui
787 863 979 913 circum
1017 862 1258 928 humeros
1304 864 1630 930 hyacinthina

503 952 632 1000 laena
659 951 728 1000 est
742 982 758 1011 ‚
846 965 851 970 “

245 1033 592 1088 Rancidulum
611 1036 852 1099 quiddam
870 1036 1023 1092 'balba
1045 1036 1109 1089 de
1144 1053 1261 1087 nare
1291 1038 1485 1088 locutus
1500 1063 1521 1097 9
1580 1042 1588 1048 '

246 1124 502 1188 Phyllidas
516 1157 534 1186 ‚
559 1125 853 1191 flypfipylas
872 1157 888 1186 ,
904 1140 1078 1177 vatum
1094 1127 1147 1178 &
1164 1123 1409 1189 plorabile
1424 1124 1461 1177 fi
1474 1123 1593 1189 quid
1607 1153 1629 1189 5
1698 1115 1703 1119 ”

247 1212 451 1274 Eliquat
465 1242 482 1272 ‚
509 1213 562 1263 δε
583 1226 760 1264 tenero
784 1209 1058 1277 supplantat
1076 1209 1227 1265 verba
1250 1213 1437 1275 palato·

248 1297 514 1351 Affensere
546 1300 669 1351 viri.
701 1301 857 1353 Nunc
884 1316 990 1351 non
1015 1300 1256 1351 cinis'ille
1276 1299 1446 1353 Po'e'tae

243 1384 436 1436 felix?
455 1401 560 1435 non
580 1387 746 1438 levior
766 1389 936 1453 cippus
951 1403 1083 1438 nunc
1106 1386 1365 1451 imprimit
1380 1387 1478 1437 ossa
1491 1386 1521 1437 ἶ

247 1473 482 1529 Laudant
517 1477 768 1528 convivae.
795 1476 950 1528 Nunc
982 1491 1085 1525 non
1117 1490 1146 1525 e
1177 1473 1407 1526 manibus
1424 1474 1565 1539 inis,

246 1562 404 1616 Nunc
439 1580 544 1613 non
575 1580 604 1615 e
631 1565 863 1625 tumulo,
886 1566 1230 1625 fortunataque
1257 1563 1465 1624 favilla,

248 1647 532 1705 Nascentur
561 1652 755 1705 violae?
784 1652 943 1706 Rides
957 1682 974 1715 ,
1002 1653 1074 1704 ait
1088 1681 1106 1713 ‚
1126 1652 1180 1702 8⁶
1202 1652 1357 1703 nimis
1379 1650 1519 1704 uncis

247 1735 473 1792 Naribus
493 1739 747 1805 indulges.
782 1745 870 1794 An
887 1741 984 1793 erit
1000 1773 1017 1803 ,
1039 1741 1125 1804 qui
1148 1743 1284 1794 vel-le
1303 1739 1493 1793 recuset

248 1829 329 1879 Os
362 1828 533 1891 populi
553 1829 785 1879 meruiss‘e
803 1846 819 1891 ς
839 1829 894 1879 δε
924 1829 1077 1880 cedro
1093 1826 1251 1889 digna
1268 1827 1461 1876 locutus
1477 1852 1498 1884 ,

251 1911 509 1975 Linquere
539 1929 630 1964 nec
662 1911 914 1965 scombros
944 1913 1227 1966 metuentia
1258 1912 1632 1973 carmina5nee

508 2001 629 2051 thus
659 2002 685 2052 Ξ
1018 2058 1025 2061 „

250 2083 492 2151 Qisquis
508 2101 560 2137 es
573 2116 592 2146 ‚
609 2084 643 2139 ὀ
657 2115 675 2147 ,
690 2084 847 2137 modo
862 2099 1013 2150 quem
1027 2099 1094 2135 ex
1108 2080 1317 2135 adverso
1329 2082 1498 2138 dicere
1515 2086 1635 2150 feci,

251 2177 382 2230 Non
409 2191 508 2243 ego
521 2205 540 2236 ‚
557 2190 674 2225 cum
689 2171 848 2225 scribo
863 2204 879 2234 ,
908 2171 943 2224 fi
962 2175 1095 2225 forte
1120 2172 1242 2236 quid
1262 2173 1420 2238 aptius
1458 2174 1567 2226 exit
1581 2205 1600 2233 ,

252 2265 477 2325 Quando
498 2265 603 2315 haec
645 2278 753 2313 rara
779 2262 885 2313 avis
918 2263 985 2313 est
1004 2291 1022 2323 ‚
1060 2259 1099 2312 fi
1125 2262 1246 2325 quid
1275 2277 1448 2314 tamen
1472 2264 1633 2329 aptius

516 2350 628 2402 exit
663 2381 682 2412 ‚

254 2436 470 2489 Laudari
487 2451 712 2489 metuam
722 2454 737 2500 3
749 2451 906 2500 neque
919 2436 1061 2487 enim
1076 2435 1209 2488 mihi
1221 2451 1399 2487 cornea
1412 2432 1537 2487 fibra
1550 2438 1634 2492 estt

253 2522 352 2577 Sed
367 2524 488 2574 redii
503 2521 758 2588 finemque
770 2555 786 2585 ,
805 2539 1190 2588 extremumque
1206 2526 1302 2576 effe
1318 2524 1487 2576 recuso
1500 2557 1518 2586 ‚

255 2615 382 2680 Euge
428 2614 574 2667 tuum
609 2643 628 2674 ,
676 2615 731 2664 δε
776 2610 918 2664 Belle.
969 2614 1113 2669 Nam
1156 2613 1303 2667 neue
1329 2612 1426 2664 hoc
1454 2626 1634 2666 excute

523 2713 694 2754 totum
710 2731 730 2765 ‚

1292 2791 1343 2841 R
1369 2828 1372 2831 Α
