2065 3396
506 282 603 355 'D
633 277 1419 356 ISSERTATIO.
1534 273 1638 361 liii

232 444 300 492 nt
328 432 488 492 libri
516 431 772 514 quinque
803 430 1047 493 totidem
1074 433 1330 491 indicent
1357 430 1648 491 recitatio·

232 555 338 595 nes
363 534 604 594 habitas
627 556 744 594 non
780 556 974 595 coram
1008 534 1223 617 populo
1248 535 1308 593 in
1329 534 1644 611 auditotiO,

231 658 458 699 verum
496 640 558 698 in
600 638 859 699 cubiculo
885 658 1081 699 coram
1106 639 1327 699 amicis.
1358 641 1453 699 Sic
1477 641 1641 699 enim

230 741 522 825 plerique
561 743 670 803 viti
714 739 1022 823 gtavissimi
1078 740 1280 820 scripta
1313 740 1406 801 sua
1452 740 1642 823 legere

235 856 294 909 &
332 850 592 908 recitare
626 844 775 906 soliti
810 864 969 906 erant
1008 846 1300 905 advocatis
1334 843 1644 904 familiari-

233 948 343 1010 bus
368 997 389 1025 ,
430 971 506 1010 ex
552 969 802 1033 quotum
834 949 1107 1010 sententia
1145 950 1216 1008 de
1241 950 1496 1009 editione
1527 948 1641 1010 sta.

233 1070 489 1135 tuerent
531 1081 548 1120 t
593 1056 784 1137 itaque
814 1052 1168 1112 advocabant
1205 1073 1324 1111 non
1349 1053 1639 1111 auditores

236 1171 498 1218 tantum
521 1204 537 1230 ,
563 1157 655 1218 sed
691 1159 978 1236 adjutores
1005 1196 1026 1226 ,
1052 1174 1115 1215 ut
1141 1160 1263 1233 jam
1298 1153 1484 1231 magis
1508 1171 1640 1211 ma·-

235 1259 467 1342 gisque
491 1261 786 1322 retinenda
825 1262 1084 1321 videatur
1113 1256 1229 1316 haec
1263 1270 1521 1317 veterum
1564 1254 1644 1314 li..

238 1358 498 1423 brotum
537 1363 803 1445 scriptura
831 1364 895 1422 in
932 1360 1243 1426 Umbricio
1279 1357 1514 1422 versibus
1534 1378 1640 1421 ex-

243 1467 468 1527 tremis
491 1506 516 1539 ,

740 1571 994 1622 Satirarum
1022 1590 1098 1639 ego
1113 1606 1131 1631 ,
1150 1572 1198 1621 ni
1210 1568 1345 1641 pudet
1357 1567 1467 1621 illas
1479 1605 1497 1630 ,

445 1655 642 1720 adjutor
658 1653 834 1725 gelidos
861 1660 1048 1711 veniam
1080 1655 1301 1729 caligatus
1314 1663 1362 1712 in
1388 1675 1535 1728 agros.

248 1801 520 1863 Maxime
555 1823 691 1865 veto
750 1824 885 1865 cum
928 1806 990 1865 in
1049 1807 1311 1867 Suetonii
1372 1805 1521 1866 libro
1563 1805 1638 1870 de

242 1905 569 1968 illustribus
610 1906 1027 1971 Grammaticis
1072 1909 1296 1969 mentio
1333 1905 1432 1967 fiat
1476 1908 1637 1988 Ateii

249 2012 556 2095 Philologi
610 2013 1062 2074 declamantium
1121 2009 1399 2090 adjutoris
1464 2029 1638 2091 atque

250 2115 614 2198 praeCeptotis
635 2162 652 2192 ,
699 2128 750 2182 &
788 2114 1031 2179 Ctassitii
1065 2114 1358 2192 cujusdam
1385 2114 1488 2195 qui
1513 2115 1636 2174 ini-

251 2220 350 2283 tio
391 2222 538 2281 circa
563 2219 786 2281 scenam
818 2220 1173 2288 versabatur,
1226 2228 1280 2280 δι
1317 2221 1638 2301 mimogra-

252 2320 408 2402 phos·
449 2321 774 2403 adjuvabat.
853 2324 1040 2389 Porro
1082 2344 1216 2386 cum
1256 2321 1421 2383 hosce
1461 2323 1635 2385 libros

256 2426 523 2487 summus
564 2429 879 2489 Satirarum
912 2427 1117 2489 artifex
1162 2427 1634 2491 emendatiffimi-

258 2552 380 2614 que
418 2531 619 2612 judicii
658 2529 850 2593 censor
872 2578 890 2607 ,
921 2530 1174 2592 adhibita
1197 2534 1374 2593 etiam
1425 2533 1632 2595 recita-

256 2634 436 2695 tionis
470 2631 612 2696 lima
648 2634 914 2714 poliverit
949 2634 1050 2710 ‚‘fi
1097 2637 1243 2720 quid
1276 2637 1629 2719 transeuntes
