2065 3396
531 176 1439 258 DISSERTATIO„
1550 185 1672 263 xix

255 351 602 430 eujusmodi
653 352 1083 437 scriptiunculas
1117 361 1271 440 apud
1312 385 1419 425 nos
1464 367 1669 426 etiam-

220 532 235 546 ,
260 473 419 515 num
446 459 624 518 variis
666 463 988 541 opprobriis
1021 460 1335 527 inferciunt
1375 471 1665 531 vernaculi

256 557 515 620 artifices
529 602 552 634 ,
596 582 744 645 quos
769 565 946 648 vulgo
974 565 1215 630 fartores
1237 591 1663 652 nuncupamus·

260 660 558 724 Paulatim
578 665 713 728 verb
735 673 996 732 excitatis
1012 673 1268 754 ingeniis
1293 695 1433 756 vaga
1451 684 1505 737 Sc
1524 693 1659 758 pro-

262 781 426 828 terva
453 769 773 833 Satirarum
804 776 1076 837 dicacitas
1104 779 1178 838 ad
1226 779 1544 841 fabularum
1568 803 1658 842 ar·-

263 890 550 951 gumenta
575 877 866 938 transferri
889 881 1073 960 cepit,
1094 900 1342 964 quarum
1359 886 1655 946 austorern

258 975 456 1038 Livius
493 981 903 1044 Andronicum
941 983 1034 1047 fibi
1081 989 1504 1069 cognominem
1529 988 1658 1048 lau-

252 1083 358 1143 dat
380 1131 399 1161 ,
441 1103 697 1167 eumque
723 1089 792 1149 ab
817 1089 1014 1148 Satiris
1046 1091 1127 1150 ait
1154 1095 1355 1151 ausum
1390 1091 1495 1152 effe
1533 1095 1657 1172 pri-

248 1206 429 1247 mum
454 1209 806 1271 argumento
829 1191 1082 1255 fabulam
1108 1193 1285 1256 serere
1311 1222 1325 1258 ε
1351 1197 1505 1255 unde
1530 1217 1656 1257 rna-

251 1291 539 1354 nifestum
564 1294 627 1356 fit
645 1341 665 1369 ‚
689 1296 892 1379 scripta
916 1297 1010 1357 sua
1034 1317 1249 1359 veteres
1266 1346 1283 1374 ,
1306 1300 1510 1379 quibus
1533 1321 1655 1361 non

249 1413 375 1456 erat
413 1397 764 1478 propositum
802 1396 1043 1481 alicujus
1071 1405 1404 1484 argumenti
1450 1408 1652 1467 trasta-

250 1500 426 1559 tione
473 1501 722 1585 suscepta
770 1503 1027 1567 differere
1050 1552 1073 1582 ,
1121 1505 1217 1571 sed
1263 1506 1454 1588 potius
1494 1512 1654 1572 varia

246 1608 503 1686 carptim
527 1627 731 1671 notare
753 1631 818 1670 ac
845 1609 1256 1692 reprehendere
1278 1661 1296 1691 ,
1326 1616 1397 1675 ab
1424 1635 1489 1675 ea
1513 1637 1656 1676 con-

258 1713 415 1791 gerie
457 1723 513 1777 &
555 1714 847 1777 saturitate
889 1716 1212 1799 inscripsisse
1240 1720 1474 1782 Satiras.
1526 1719 1655 1795 Qi

248 1817 525 1899 deinceps
545 1820 747 1881 titulus
775 1815 844 1881 'ab
868 1822 937 1881 iis
965 1820 1085 1883 fere
1127 1819 1231 1906 qui
1260 1843 1461 1903 pravos
1486 1820 1654 1884 saecu-

248 1920 293 1982 li
340 1924 429 1986 sui
461 1944 651 1985 mores
675 1924 1086 2007 descripserunt
1110 1926 1193 1987 est
1216 1926 1609 2009 frequentatus
1626 1975 1648 2004 ,

246 2047 315 2090 ut
339 2031 504 2111 quod
540 2021 1082 2092 hominumscelera
1103 2031 1136 2090 a
1163 2029 1357 2093 Po‘e’tis
1380 2032 1535 2092 velut
1562 2034 1652 2091 in-

242 2135 384 2194 vitis
409 2136 561 2196 inter
600 2134 1035 2216 indignationes
1078 2144 1134 2195 &
1170 2133 1403 2217 suspiria
1430 2138 1652 2216 expres-

237 2236 431 2299 serant
447 2273 475 2315 ,ι
490 2260 610 2299 non
637 2238 904 2318 peculiari
924 2237 1065 2312 ,sed
1105 2239 1416 2303 communi
1448 2249 1502 2302 &
1523 2239 1657 2300 'for-

230 2342 398 2401 tuita
417 2343 800 2422 appellatione
815 2346 1130 2405 censeretur
1150 2344 1458 2428 3‘efletque‚
1486 2344 1648 2427 quod

236 2447 326 2505 ait
363 2446 537 2508 AElius
569 2453 828 2509 Donatus
850 2490 873 2522 ,
904 2448 1018 2511 {ine
1042 2449 1167 2509 ullo
1204 2452 1424 2532 proprii
1450 2451 1652 2512 nornis»

242 2558 336 2618 nis
361 2560 539 2621 titulo
559 2580 818 2623 carmen.
976 2563 979 2566 ’

1351 2693 1460 2751 Βι
