2065 3396
355 342 367 351 .
500 273 1194 371 'JUVENALJS
1241 273 1551 350 VITA.
1681 300 1727 352 v

335 444 483 496 rem
502 421 754 496 militiae
777 471 799 504 ‚
827 444 1202 518 quanquam
1230 421 1728 519 oC’togenariu55

331 540 536 615 Urbe
590 540 957 615 summotus
990 598 1011 628 ,
1054 539 1402 640 miffusque
1430 540 1514 614 ad
1548 567 1722 641 prae-

327 663 660 736 fediuram
699 661 1000 745 cohortis
1046 663 1114 733 in
1178 684 1472 738 extrema
1533 684 1721 764 parte

329 782 673 859 tendentis
712 783 1030 882 AEgypti.
1067 767 1168 856 'Id
1188 777 1484 883 supplicii
1508 806 1721 885 genus

328 905 588 1006 placuit
612 955 635 990 ,
686 926 760 977 ut
788 894 921 978 levi
968 925 1167 1001 atque
1198 903 1478 1004 joculari
1515 903 1718 979 delic-

328 1049 413 1102 to
435 1053 556 1127 par
580 1025 763 1100 effet.
799 1022 1057 1100 Verum
1080 1027 1249 1100 intra
1273 1016 1717 1100 breviffimum

328 1166 599 1246 tempus
634 1171 887 1245 angore
931 1153 1005 1223 δε
1055 1146 1273 1221 toedio
1298 1144 1519 1243 periit.

328 1334 1712 1406 fflwfflbffiffibffi-assbss-amsffibfffflwfflbffi

446 1511 899 1608 PETRI
972 1510 1602 1607 PITHOEI

394 1727 628 1809 IVotae
705 1724 811 1806 ad
858 1730 1308 1842 superiorem
1384 1734 1657 1809 vitam.

432 1939 850 2001 UvENALIS
918 1942 1040 2003 vita
1106 1960 1236 2022 quae
1297 1939 1640 2020 proponitur
1683 1978 1710 2012 ‚

440 2067 561 2107 non
585 2044 666 2107 est
688 2086 712 2120 ‚
757 2045 968 2126 opinor
990 2094 1009 2122 ,
1055 2043 1308 2122 ejusdem
1354 2045 1706 2121 Interpretis.

323 2155 399 2213 Et
448 2172 587 2214 vero
642 2152 706 2211 in
768 2150 1012 2231 optimis
1055 2146 1344 2210 codicibus
1388 2151 1465 2211 ad
1524 2135 1706 2212 finem

320 2252 604 2334 adsctipta
667 2250 777 2314 fuit
845 2231 1162 2313 recentiore
1217 2272 1399 2311 manu
1435 2292 1459 2324 ,
1522 2262 1579 2316 &
1640 2256 1706 2316 in

323 2358 611 2440 plerisque
640 2354 766 2417 aliis
810 2355 1114 2436 separatim
1158 2353 1357 2416 exstat.
1420 2357 1705 2417 Suetonio

240 2495 245 2500 ·
321 2463 502 2523 etiam
527 2481 559 2520 a
594 2460 932 2540 quibusdam
961 2459 1248 2520 tribuitur.
1297 2455 1487 2537 Hujus
1531 2458 1664 2519 loco
1686 2507 1706 2539 ,

322 2561 501 2624 initio
528 2561 883 2626 vetustiffimi
909 2563 1250 2645 exemplatis
1275 2564 1349 2623 ad
1369 2561 1468 2622 illa
1492 2564 1663 2626 verba
1698 2611 1717 2640 ,

324 2675 552 2753 Semper
590 2689 687 2754 ego
712 2668 971 2744 auditor,
990 2666 1109 2731 haec
1128 2667 1495 2752 legebantur:
1524 2672 1705 2749 Juve-

1363 2790 1452 2848 ⁸3
