2065 3396
451 303 620 400 xxvj
714 299 858 370 DE
908 291 1278 368 SATIRA
1318 292 1653 366 IUVEN.

451 451 641 511 mines
690 445 841 507 fetro
893 449 1247 528 flammaque
1301 440 1655 503 confestatur
1694 457 1713 496 ε
1761 435 1843 498 fic

447 557 789 639 plerumque
809 553 1037 636 tragicae
1057 547 1577 632 grandiloquentiae
1597 543 1843 604 cothur-

450 682 607 727 num¹
626 657 828 724 Satiris
854 659 964 718 suis
993 655 1249 725 inducit,
1273 654 1336 711 in
1356 650 1468 711 hoc
1488 671 1523 710 a
1548 646 1840 731 prioribus

396 762 401 763 7
447 768 718 829 recedens
766 766 927 848 quod
972 759 1216 843 vetfibus
1263 756 1609 818 hexametris
1673 751 1839 836 quafi

446 871 797 951 Tragoedias
826 888 924 949 per
944 867 1191 926 Satitam
1209 863 1408 925 scribat
1427 904 1449 936 ‚
1474 861 1833 922 intentatum

447 972 664 1032 Graeeis
712 981 768 1033 &
817 970 1103 1041 Romanis
1145 966 1393 1050 ingeniis
1438 987 1581 1049 opus
1618 1006 1638 1035 ‚
1691 963 1834 1026 ficut

442 1077 624 1141 etiam
652 1076 764 1157 ipse
786 1077 858 1136 de
881 1075 938 1136 se
954 1073 1162 1135 fatetur
1180 1120 1199 1151 ‚
1219 1091 1482 1138 extrema
1502 1072 1691 1134 Satira
1707 1069 1838 1139 sex-3

446 1201 505 1243 ta
534 1227 554 1256 ‚
577 1201 713 1241 cum
735 1180 866 1241 ait:

535 1356 767 1423 Fingimus
790 1354 899 1421 'Jyaec
936 1351 1087 1405 altum
1125 1353 1280 1415 Satira
1316 1350 1516 1418 ficmente
1555 1348 1821 1405 cothurnum

533 1464 713 1515 Scilicet
729 1502 743 1522 ,
763 1466 826 1514 (θ’
837 1464 980 1527 finem
995 1463 1137 1531 egreffi
1157 1462 1382 1531 legemque
1395 1464 1589 1530 priorum

535 1569 718 1622 Grande
735 1564 965 1638 Sophocleo
978 1583 1152 1615 carmen
1166 1563 1431 1613 bacchamur
1442 1564 1579 1618 hiatu
1590 1602 1609 1625 ,

533 1679 769 1733 Montibus
782 1675 1180 1750 ignotum-Rytqlis
1195 1715 1211 1737 ‚
1228 1681 1262 1727 C
1266 1672 1435 1746 oeloque
1464 1675 1640 1728 Latino.

526 1829 687 1890 Hinc
733 1826 876 1888 illud
925 1824 1076 1890 inter
1120 1824 1434 1886 Horatium
1482 1832 1538 1885 δε
1573 1822 1828 1892 Juvena-

440 1934 599 2008 lem,
631 1954 752 1993 non
788 1932 983 1993 Satitae
1008 1966 1027 1998 ‚
1067 1929 1162 1989 sed
1206 1927 1320 1988 stili
1363 1930 1585 1990 ratione
1623 1925 1825 1988 discri-

441 2055 578 2102 men
605 2060 623 2103 ι
652 2039 860 2124 quo'vis
883 2038 1046 2096 enim
1070 2032 1201 2096 stilo
1224 2033 1407 2095 Satira
1441 2050 1659 2113 pungat
1677 2072 1699 2103 ‚
1722 2031 1822 2088 ni·-

440 2146 567 2207 hilo
599 2150 793 2207 minus
818 2143 897 2204 est
919 2145 1148 2213 Satira;
1181 2138 1282 2199 nifl
1306 2137 1454 2197 forte
1489 2135 1676 2214 magis
1708 2138 1819 2193 Sa·-

440 2251 618 2309 titam
653 2245 760 2307 effe
786 2246 914 2327 quis
944 2243 1082 2303 velit
1104 2286 1123 2315 ,
1169 2258 1295 2319 quae
1333 2253 1526 2296 retum
1572 2232 1819 2291 diversa..

439 2372 575 2411 mm
613 2351 778 2429 copia
810 2343 1030 2424 maiore
1049 2340 1251 2422 stipata
1276 2336 1358 2399 est
1381 2352 1554 2415 atque
1574 2331 1816 2394 confer..

437 2474 522 2518 ta.
585 2453 728 2529 Quo
772 2448 930 2512 sensu
973 2443 1271 2527 juvenalis
1317 2460 1437 2502 non
1465 2435 1651 2497 solum
1682 2441 1819 2499 Per-

437 2558 581 2617 {ium
607 2604 624 2631 ,
654 2555 818 2636 quod
858 2570 979 2613 erat
1019 2547 1185 2610 facile
1210 2595 1227 2624 ,
1275 2547 1370 2608 sed
1405 2546 1580 2606 etiam
1617 2546 1813 2607 Hora·-

434 2659 586 2721 tium
614 2658 896 2740 superavit
920 2677 938 2718 t
967 2674 1108 2719 nam
1124 2649 1251 2716 licet
1275 2648 1337 2713 in
1355 2648 1590 2734 singulis
1613 2644 1816 2713 Satiris
