2065 3396
435 207 533 257 xx
628 185 773 254 DE
826 181 1196 257 SATIRA
1260 178 1589 259 WVEN.

522 338 805 404 Ceterum
822 388 842 416 ,
863 341 961 403 etsi
979 338 1101 425 jure
1123 341 1373 402 Satiram
1388 340 1484 401 fibi
1502 359 1690 402 totam
1719 345 1866 403 Ro}

441 447 608 513 mani
632 465 904 527 arrogent
922 491 945 520 ,
982 468 1103 508 non
1128 466 1326 508 tamen
1357 444 1580 506 inficior
1602 447 1861 530 aliquid

440 547 549 615 effe
571 552 719 612 inter
743 557 1072 612 Graecorum
1095 553 1323 633 Satyros
1349 556 1402 612 8(
1427 554 1858 612 Romanorum

444 655 659 715 Satiras
683 673 1000 714 commune
1023 681 1038 717 ς
1066 653 1288 732 ηειιῐιζιιε
1310 650 1497 714 Po'e'tae
1519 653 1715 713 Graeci
1744 657 1861 714 Sa-

446 771 604 834 tyros
629 754 884 837 priuulm
914 758 1189 817 induxere
1207 758 1309 839 qui
1341 756 1765 837 Dithytambos
1791 767 1855 820 δε

449 856 712 928 Phallica
754 859 1131 938 tripudiando
1156 879 1423 924 canerent
1456 907 1473 934 ‚
1527 857 1854 942 posteaque

449 963 702 1023 minutis
729 961 947 1022 fabellis
969 973 1024 1025 &
1050 963 1308 1026 ridiculis
1326 966 1565 1027 canticis
1585 966 1855 1047 Satyrica

446 1065 772 1147 ,petulantia
787 1065 1240 1150 fufisTragoedia
1257 1074 1488 1132 tandem
1505 1067 1705 1130 habitu
1723 1073 1858 1133 vul-

458 1190 640 1255 tuque
670 1174 934 1256 gtaviore
955 1172 1108 1233 culta
1132 1156 1323 1254 prodit
1357 1193 1377 1249 3
1414 1173 1483 1234 fic
1517 1175 1698 1234 etiam
1726 1179 1856 1236 Ro·-

461 1297 650 1338 manae
672 1279 845 1340 scenae
867 1275 1108 1338 artifices
1133 1274 1388 1358 primum
1415 1276 1631 1337 Tuscos
1651 1275 1853 1339 ludio-

458 1401 567 1443 nes
592 1380 805 1441 imitati
833 1431 852 1459 ,
888 1381 1075 1444 versus
1123 1383 1455 1443 inconditos
1487 1379 1855 1442 Fescenninis
1893 1429 1900 1434 .

456 1483 678 1552 ,fimiles
702 1483 934 1560 fudere;
957 1506 1098 1544 mox
1120 1487 1193 1545 ad
1216 1486 1496 1568 pleniores
1519 1483 1730 1546 Satiras
1750 1531 1768 1560 ,
1794 1493 1850 1548 δε
1941 1510 1948 1515 ·

470 1587 601 1670 post
624 1611 810 1650 annos
851 1589 1078 1670 aliquot
1111 1589 1181 1647 ab
1204 1590 1407 1649 Satiris
1425 1591 1502 1650 ad
1529 1586 1850 1650 fabularum

467 1714 816 1778 argumenta
841 1743 860 1772 ,
889 1693 1020 1755 ficut
1048 1713 1117 1754 ex
1143 1693 1309 1753 Livio
1334 1693 1666 1754 notavimus
1688 1741 1708 1771 ,
1727 1714 1854 1774 pro-

449 1797 706 1863 .ceffete:
727 1799 952 1882 quin&
973 1797 1191 1858 Latinae
1220 1801 1417 1861 Satirae
1440 1818 1575 1859 curn
1606 1799 1852 1880 satyrica

478 1908 813 1964 Graecotum
838 1905 899 1963 in
947 1923 1018 1963 eo
1043 1902 1352 1963 convenire
1394 1903 1619 1964 videtur
1639 1944 1660 1974 ,
1698 1901 1851 1985 quod

475 2009 712 2091 utrique
735 2007 1047 2069 ridiculum
1074 2005 1241 2071 inest.
1282 2010 1395 2069 Sed
1418 2002 1601 2066 Graeci
1624 2004 1851 2088 quidem
1943 2085 1950 2092 ⁶

485 2108 718 2191 Satyros
743 2114 935 2172 dixere
961 2109 1029 2169 ab
1070 2112 1286 2191 Satyris
1328 2108 1635 2193 agrestibus
1657 2149 1678 2182 ‚
1713 2128 1849 2191 quos

482 2212 801 2292 petulantes
822 2223 878 2274 &
901 2230 1193 2291 protervos
1204 2213 1463 2292 plerique
1478 2211 1842 2274 crediderunt:

456 2381 461 2384 ,
482 2309 675 2377 Latini
699 2312 832 2374 verb
852 2314 920 2372 ab
943 2310 1233 2374 saturitate
1258 2322 1311 2375 &
1326 2313 1491 2395 copia
1507 2352 1529 2381 ,
1550 2311 1847 2396 congestis·

458 2435 604 2500 ,que
627 2415 830 2476 salibus
844 2417 1057 2495 &jocis
1077 2418 1339 2479 Saturam
1357 2417 1723 2503 appellavere.
1746 2426 1851 2483 De·

487 2533 668 2617 nique
691 2552 754 2596 ut
782 2537 1068 2621 praecipua
1088 2539 1421 2624 Satyrorum
1446 2539 1632 2625 gratia
1655 2539 1847 2606 consta·
