2065 3396
471 169 613 268 xxij
710 175 858 243 DE
911 174 1279 251 SATIRA
1330 181 1675 255 IUVEN.

463 331 742 414 Margites
769 369 791 403 ‚
827 354 897 395 ex
932 355 1055 419 quo
1097 334 1414 401 formatam
1443 345 1548 406 effe
1576 346 1872 409 Comae-²

458 437 620 498 diam
673 440 1005 503 Aristoteles
1049 443 1245 504 innuit
1265 488 1289 520 ,
1335 451 1859 530 quemadmodum

459 560 527 601 ex
566 540 747 603 Iliade
769 552 824 607 δι
848 545 1095 629 Οάγίῖἒει
1117 554 1501 635 Tragoediam
1523 584 1541 629 3
1572 563 1626 616 &
1643 551 1857 616 setrai-‘-

458 643 587 706 sean
631 649 1112 739 ptaeaestantiffimus
1157 654 1338 718 Po'e'ta
1378 677 1551 739 opere
1594 656 1698 717 illo
1746 659 1855 720 sub

457 748 693 847 persona
728 756 993 837 Margiris
1017 762 1297 844 quosdam
1333 762 1518 825 saeculi
1540 761 1622 824 sui
1648 762 1853 826 fatuos

458 864 514 916 &
533 858 824 920 moriones
843 860 1234 945 descripserat:
1260 866 1407 928 certe
1432 864 1586 927 vatia
1610 888 1846 930 metro-

458 980 584 1039 tum
607 983 818 1044 genera
842 968 1145 1030 miscuerat
1164 1011 1184 1042 ,
1210 969 1342 1030 ficut
1364 981 1418 1034 &
1455 972 1805 1034 Chaeremon
1827 1021 1852 1052 ,

452 1067 613 1150 cujus
660 1069 985 1134 inscribitur
1030 1075 1357 1135 Centaurus
1417 1074 1746 1157 mabsam-p&-
1791 1084 1851 1161 ’9

451 1171 610 1249 peuri»
633 1173 897 1256 ῥαψᾳδάι.
953 1181 1032 1238 Ac
1061 1178 1449 1240 vetustiffimas
1473 1183 1712 1262 quidem
1740 1185 1850 1241 La.

453 1278 715 1339 tinorum
742 1281 954 1341 Satitas
976 1303 1097 1340 non
1126 1281 1241 1344 sola
1269 1303 1457 1343 retum
1476 1323 1498 1353 ,
1541 1283 1633 1343 sed
1655 1286 1866 1346 etiam*

454 1399 776 1442 metrorum
816 1384 1086 1448 varietate
1125 1387 1419 1468 permistas
1461 1383 1619 1447 fuiffe
1641 1388 1847 1447 &ustor

451 1484 533 1547 est
566 1488 802 1561 Fabius;
829 1511 1076 1574 eamque
1098 1493 1480 1555 diverfitatern
1506 1537 1522 1566 ,
1548 1509 1665 1572 quo
1692 1488 1845 1549 satu-

453 1592 570 1651 rior
590 1591 750 1655 fieret
773 1596 971 1655 Satura
987 1641 1008 1669 ,
1026 1597 1096 1656 ab
1121 1598 1401 1658 Terentio
1418 1602 1685 1683 'Varrone
1708 1615 1844 1676 pto·

456 1694 510 1759 sa
537 1697 777 1762 versibus
798 1698 1015 1762 intexta
1044 1702 1420 1785 variegatam.
1460 1702 1668 1784 Neque
1696 1698 1838 1772 vero

447 1809 683 1875 defuiffe
705 1818 949 1877 Varroni
978 1818 1283 1901 discipulos
1303 1863 1326 1892 ,
1350 1818 1604 1882 indicant
1630 1822 1837 1882 Petro-

450 1918 537 1977 nii
565 1918 819 2000 reliquiae
857 1931 910 1983 &
956 1920 1232 1987 salebrosa
1276 1923 1552 1984 Martiani
1590 1925 1839 2005 Capellae

445 2023 866 2097 ἔγυικλοαιδεία.
891 2030 1047 2088 Nam
1069 2048 1306 2111 uterque
1329 2027 1484 2090 haud
1500 2031 1671 2091 dubie
1695 2035 1840 2090 Var-

445 2134 602 2198 ronis
625 2133 889 2212 exemplo
916 2132 1170 2192 Saritam
1189 2135 1437 2193 condere
1458 2132 1647 2193 voluit
1665 2176 1686 2206 ‚
1709 2154 1829 2194 non

445 2232 823 2312 Menippeam
853 2235 1094 2314 quidem
1132 2280 1149 2307 ,
1186 2231 1280 2291 sed
1321 2230 1655 2310 {impliciter
1677 2234 1831 2292 Var-

443 2338 751 2397 ronianam
771 2363 788 2399 z
811 2338 1028 2419 quippe
1074 2331 1386 2394 nonnullas
1421 2332 1612 2393 Varro
1634 2373 1655 2405 ,
1688 2350 1827 2414 quas

444 2438 574 2505 salis
632 2439 1051 2516 mordacitate,
1087 2439 1176 2500 vel
1205 2439 1350 2499 aceti
1381 2431 1637 2519 nequitia
1659 2437 1833 2519 paulo

443 2540 671 2608 liberius
693 2543 1082 2629 consperserat
1102 2586 1130 2618 ,
1156 2544 1491 2629 Menippeas
1521 2542 1788 2628 inscripsit
1808 2563 1832 2622 5
