2065 3396
490 185 1395 267 DISSERTATlo.
1482 193 1648 295 xxxj

312 339 506 404 Item
537 339 603 402 in
645 338 733 402 bis
776 339 1027 425 ejusdem
1077 359 1273 402 venae:

858 497 1135 548 medicamen
1164 494 1417 546 habendum
1442 495 1501 561 est
1519 531 1535 555 ,

323 605 531 659 sorbere
559 616 666 656 ante
693 601 838 657 cibum
862 603 986 673 quod
1012 592 1174 654 debeaei
1202 606 1268 655 (θ’
1292 608 1497 674 pater&
1521 616 1642 661 Rex-0

317 781 566 858 Regem
599 793 733 834 cum
766 793 923 853 patre
955 770 1260 852 componit
1290 818 1309 848 ‚
1344 790 1409 832 ut
1451 773 1639 838 saeculi

221 880 662 943 infelicitatem
683 896 885 962 arguat
909 919 931 950 ,
955 879 1102 937 adeo
1131 875 1546 956 deplorandam
1573 897 1636 940 ut

218 987 372 1048 vitae
398 983 515 1046 suae
543 982 768 1045 infidias
800 983 869 1043 ab
900 980 1097 1042 liberis
1140 976 1249 1041 suis
1293 1002 1475 1064 patres
1505 1007 1630 1046 me·-
1673 1032 1704 1045 ,-

222 1108 474 1153 tuerent
500 1107 640 1171 quas
665 1092 786 1147 Rex
827 1083 1012 1167 potius
1054 1084 1264 1166 aliquis
1311 1090 1380 1146 ab
1418 1064 1636 1150 civibus

230 1193 516 1277 oppresfis
566 1189 770 1253 timere
803 1185 1092 1250 debuiffet.
1158 1192 1392 1267 Nempe
1438 1189 1635 1253 statim

232 1294 374 1378 post
399 1294 667 1355 exastum
696 1295 1092 1374 Tarquinium
1123 1291 1442 1372 Superbum
1467 1341 1483 1370 ,
1519 1295 1640 1356 Re..

238 1400 336 1481 gis
390 1418 611 1460 nomen
662 1397 1011 1478 Reipublicae
1048 1402 1332 1458 Romanae
1366 1396 1635 1459 odiosissi-

244 1521 422 1563 mum
464 1496 570 1562 eise
620 1504 820 1584 coepit.
881 1499 966 1567 At
996 1497 1323 1572 Caefixrnm,
1351 1500 1387 1561 fi
1420 1523 1630 1582 paucos

243 1607 528 1685 excipias,
577 1608 722 1666 adeo
774 1603 908 1664 saeva
934 1602 1045 1664 fuit
1075 1610 1129 1667 δὲ
1158 1605 1491 1684 importuna
1517 1610 1631 1667 do-
1727 1604 1731 1608 ’

251 1711 494 1774 minatio
514 1752 532 1783 ‚
573 1729 636 1771 ut
663 1728 777 1791 prae
801 1706 910 1769 illis
936 1709 1113 1768 etiarn
1147 1711 1501 1788 Tarquinius
1522 1712 1630 1769 bo-

248 1834 354 1877 nus
390 1813 581 1874 habeti
621 1812 888 1893 potuerit.
925 1816 1152 1871 Tamen
1178 1813 1472 1891 Juvenalis
1494 1816 1626 1873 Ser·

243 1919 409 1980 vium
454 1912 718 1977 Tullium
758 1914 1049 1975 bonorum
1081 1916 1312 1997 Regum
1347 1918 1625 1980 ultimum

250 2020 552 2106 appellavit
579 2044 596 2083 z

341 2180 525 2237 Ancilla
550 2192 687 2231 natus
720 2176 952 2235 trabeam,
974 2173 1041 2224 (θ’
1062 2171 1272 2225 diadema
1297 2173 1510 2240 Quirini,

348 2304 404 2350 Et
419 2296 561 2366 fasces
585 2293 747 2347 meruit
771 2300 940 2357 Regum
965 2285 1157 2337 ultimus
1181 2285 1262 2338 ille
1280 2286 1505 2369 bonosum.

328 2446 490 2507 Unde
526 2438 776 2520 intelligi
805 2434 984 2495 voluit
1006 2469 1025 2501 ‚
1065 2454 1191 2493 turn
1222 2438 1474 2516 primum
1503 2439 1617 2499 Re..

256 2570 346 2634 ges
363 2549 425 2611 ab
459 2546 715 2630 Superbo
745 2542 848 2605 illo
881 2540 1034 2603 male
1077 2538 1343 2603 audiviss'e
1386 2573 1403 2615 3
1444 2543 1609 2616 ideof-

1288 2663 1403 2756 0¹4
