2065 3396
522 196 882 265 ‘SATIRA
923 204 1071 266 111.
1128 207 1303 265 L113.
1366 209 1417 266 Ι.
1569 219 1655 275 19*

251 314 382 382 Jam
403 326 604 391 pridem
622 333 770 394 Syrus
786 331 844 381 in
867 328 1105 384 Tiberim
1133 329 1354 384 defluxit
1384 334 1606 384 Orontes
1624 361 1645 391 ‚

261 417 333 469 Et
354 415 587 480 linguam
601 448 620 480 ‚
655 420 710 470 δε
732 434 898 470 mores
913 449 930 481 ,
961 420 1014 469 86
1036 435 1152 469 cum
1164 419 1370 471 tibicine
1384 421 1593 472 chordas

261 490 513 566 Obliquas
529 537 547 566 ‚
578 524 668 558 nec
690 500 795 558 non
813 508 1026 573 gentilia
1046 520 1283 572 tympana
1297 505 1466 558 secum

262 593 441 644 'Vexit
458 624 475 654 ,
501 596 556 644 δε
571 596 635 646 ad
653 596 861 647 Circum
876 595 1021 658 iussas
1038 597 1248 660 prostare
1268 583 1479 658 puella&

262 679 347 730 Ite
367 708 384 737 ,
403 677 577 741 quibus
594 697 730 748 grata
751 686 816 735 est
833 683 964 748 pieta
998 686 1112 748 lupa
1133 680 1339 734 Barbara
1362 682 1544 734 mitra.

264 755 496 816 Rusticus
514 768 608 819 ille
624 784 734 821 tuus
749 769 902 822 sumit
917 771 1241 836 trechedipna
1255 801 1272 830 ,
1285 770 1505 835 Qirine
1520 788 1547 835 ',·
1602 820 1607 825 .
1683 802 1689 808 ·

262 857 334 908 Et
364 858 670 909 ceromatico
697 861 795 911 fert
823 859 1065 910 niceteria
1090 849 1250 910 collo·

265 942 376 994 Hic
400 944 502 995 alta
525 947 734 1011 Sicyone
754 980 770 1009 ,
799 948 865 998 ast
879 948 962 999 hic
981 946 1260 1010 Amydone
1278 949 1453 999 reliCta
1470 978 1487 1006 ‚

271 1030 381 1094 Hic
399 1030 614 1095 Andro,
649 1034 741 1086 ille
765 1038 917 1086 Samo
933 1064 951 1095 ‚
979 1035 1063 1087 hic
1084 1034 1341 1088 Trallibus
1360 1067 1376 1096 ,
1409 1050 1492 1086 aut
1519 1037 1650 1087 Ala·-
1666 1080 1690 1087 ff,

612 1118 789 1171 bandis
808 1151 826 1181 ‚

269 1199 515 1266 Esquilias
533 1236 550 1266 ‚
581 1205 871 1272 dictumque
889 1221 1065 1273 petunt
1081 1225 1109 1258 a
1128 1208 1327 1258 vimine
1346 1209 1534 1260 collem
1552 1240 1569 1268 ‚

182 1309 192 1318 ·
272 1289 488 1343 Viscera
506 1310 805 1351 magnarum
821 1295 1074 1347 domuum
1089 1327 1106 1351 ‚
1122 1295 1419 1351 dominique
1435 1298 1616 1348 futuri:

290 2350 518 2413 signabit
533 2381 550 2411 ‚
579 2349 824 2415 fultusque
838 2366 953 2401 toro
975 2348 1191 2399 meliore
1216 2346 1473 2399 recumbet

288 2438 554 2491 Advestus
568 2442 792 2489 Romam
813 2470 830 2499 ‚
847 2452 946 2500 quo
962 2451 1117 2502 pruna
1132 2465 1150 2496 ,
1180 2435 1233 2485 &
1250 2436 1457 2487 coeiona
1470 2451 1625 2488 vento
1644 2439 1678 2488 ἓ

288 2522 458 2588 Usque
476 2524 602 2576 adeo
620 2526 753 2576 nihil
780 2528 847 2578 est
863 2556 881 2586 ‚
910 2523 1045 2587 quod
1062 2524 1220 2573 nostra
1238 2522 1449 2595 infantia
1465 2526 1684 2575 eoelum

291 2611 469 2667 Haufit
504 2614 737 2666 aventini
770 2612 913 2663 bacca
947 2610 1134 2663 nutrita
1170 2608 1342 2663 Sabina
1376 2611 1400 2660 ?

348 2703 351 2704 ⁷
1287 2698 1326 2746 B
1373 2711 1411 2745 z
