2065 3396
248 891 318 952 Et
331 894 514 958 Capito
528 925 546 956 ‚
567 898 621 948 8c
636 901 886 954 Numitor
896 907 1096 961 ruerint
1107 941 1134 975 2
1146 910 1419 974 damnante
1435 927 1637 996 Senatu,
1734 927 1738 931 ’

248 980 432 1032 Piratae
465 985 713 1041 Cilicum.
745 990 842 1042 Sed
878 995 997 1069 quid
1018 997 1280 1058 damuatio
1297 1016 1491 1067 confert
1504 1048 1521 1079 ,

245 1067 393 1117 Cum
409 1070 563 1140 Pansa
579 1077 759 1141 eripiat
772 1108 790 1138 ,
804 1082 1047 1147 quidquid
1060 1086 1155 1140 tibi
1166 1094 1324 1147 Natta
1340 1102 1547 1165 reliquit
1560 1107 1589 1157 ἓ

250 1154 543 1210 Praeconem
557 1190 576 1222 ‚
594 1165 863 1234 Chaerippe
879 1202 897 1232 ,
924 1176 1021 1235 tuis
1040 1178 1360 1246 circumspice
1374 1191 1549 1250 pannis
1564 1220 1587 1253 ‚

248 1241 460 1306 Jamque
472 1259 598 1300 tace.
616 1251 777 1311 Furor
794 1258 860 1308 est
873 1262 975 1323 post
996 1267 1170 1317 omnia
1187 1268 1393 1331 perdere
1411 1278 1644 1332 naulum&

229 1312 378 1381 ‘Non
396 1331 539 1382 idem
553 1339 772 1401 gemitus
788 1347 921 1397 olim
939 1381 956 1410 ,
987 1368 1148 1416 neque
1167 1357 1347 1407 vulnus
1362 1373 1468 1411 erat
1498 1377 1585 1425 par

249 1417 575 1473 Damnorum
590 1455 609 1486 ‚
639 1426 784 1493 sociis
800 1433 1097 1494 florentibus
1114 1474 1131 1505 ,
1155 1444 1209 1495 δε
1234 1445 1393 1498 modo
1407 1451 1579 1507 vistis,

252 1597 611 1659 Nummorum
629 1637 648 1668 ‚
663 1613 891 1675 Spartana
905 1615 1129 1682 chlamys
1146 1652 1164 1682 ‚
1183 1626 1449 1691 conchylia
1465 1635 1573 1685 Coa
1582 1661 1606 1698 ,

254 1686 319 1735 Et
338 1703 455 1737 cum
474 1692 711 1749 Parrhafii
729 1698 909 1755 tabulis
926 1736 944 1766 ,
975 1707 1222 1776 {ignisque
1246 1720 1478 1779 Myronis

252 1774 554 1835 Bhidiacum
572 1782 776 1838 vivebat
793 1787 915 1842 ebur
928 1824 947 1852 ‚
971 1811 1064 1863 pec
1083 1815 1187 1851 non
1207 1806 1456 1869 Polycleti

254 1864 450 1917 Multus
471 1866 648 1935 ubique
662 1871 802 1926 labor
817 1895 835 1940 3
851 1893 973 1930 rarae
990 1881 1094 1936 fine
1115 1893 1354 1947 Mentore
1368 1900 1578 1958 mensae.v

256 1950 385 2002 Inde
401 1955 668 2010 Dolabella
693 1965 758 2023 est
774 1995 792 2025 ‚
818 1980 962 2031 atque
985 1972 1106 2025 hinc
1120 1983 1379 2034 Antonius
1395 2016 1412 2045 ‚
1429 1988 1553 2041 iude

255 2038 531 2108 sacrilegus
558 2050 750 2101 Verres
778 2068 794 2102 z
828 2054 1106 2111 referebant
1120 2066 1327 2119 navibus
1344 2073 1461 2122 altis

258 2129 470 2182 Occulta
492 2132 649 2198 spolia
667 2168 684 2196 ‚
717 2140 772 2189 δε
800 2142 967 2204 plures
999 2146 1063 2196 de
1093 2164 1210 2213 pace
1228 2155 1527 2221 triumphos.

252 2214 413 2270 Nunc
445 2219 588 2274 sociis
619 2225 735 2292 iuga
764 2245 912 2295 pauca
940 2232 1098 2287 boum
1117 2269 1135 2299 ,
1154 2254 1280 2306 grex
1298 2257 1475 2307 parvus
1492 2262 1640 2313 equa-

568 2328 682 2363 rum
698 2346 717 2374 ,

254 2388 324 2439 Et
338 2403 480 2454 pater
508 2402 727 2451 armenti
754 2418 900 2468 capto
926 2407 1158 2472 eripiatur
1187 2413 1355 2477 agello
1372 2430 1389 2465 x

257 2477 357 2542 Ipsi
381 2481 568 2535 deiude
595 2490 748 2540 Lares
762 2521 779 2549 ‚
807 2489 843 2541 fi
862 2494 994 2554 quod
1013 2494 1271 2560 spectabile
1291 2501 1486 2569 fignum
1504 2536 1526 2567 ‚

253 2564 306 2616 Si
325 2565 434 2627 quis
455 2567 509 2618 iu
535 2571 740 2627 aedicula
755 2580 894 2630 Deus
912 2583 1104 2636 unicus.
1134 2591 1253 2640 Haec
1271 2592 1462 2643 etenim
1485 2593 1601 2651 sunt

261 2656 362 2711 Pro
382 2654 593 2714 summis
606 2693 624 2727 ‚
640 2679 762 2716 nam
779 2663 890 2722 sunt
909 2669 1013 2721 haec
1032 2674 1281 2729 maxima.
1306 2677 1560 2746 Despicias
1577 2698 1638 2739 tu
