2065 3396
540 272 1402 347 DISSERYATIO.
1571 263 1665 361 liii

285 415 569 499 Virgilius
601 458 620 488 ,
664 419 933 476 AEneidos
975 419 1138 491 111,
1180 421 1476 500 ingentem
1519 439 1663 480 ocu-

284 522 406 582 lum
452 518 849 600 Polyphemi,
876 530 928 580 δε
961 516 1124 578 fuiffe
1146 522 1229 580 ait
1248 563 1271 594 ,

459 678 676 750 Argolici
702 679 847 752 clypei
875 693 956 730 aut
979 678 1180 730 Phoebea
1206 676 1439 747 lampados
1456 676 1608 746 instar.

320 854 323 859 ·
358 827 660 911 Iuvenalis
713 826 900 888 noster
957 827 1322 886 mendacium
1368 823 1658 906 pob'ticum

286 930 566 993 rhetorico
597 935 900 991 mendacio
934 929 1285 1010 repercussit:
1313 930 1456 988 dixit
1491 932 1655 990 enim

280 1038 418 1094 adeo
448 1035 630 1094 latam
660 1030 819 1092 fuiffe
846 1031 997 1092 illius
1024 1033 1177 1092 oculi
1212 1035 1399 1093 aciem
1423 1082 1440 1106 ,
1461 1054 1527 1094 ut
1557 1057 1655 1115 pet

272 1160 400 1200 eam
442 1136 666 1218 Ulyffes
693 1137 923 1197 evaserit
946 1168 964 1208 3
989 1154 1160 1215 atque
1184 1135 1293 1194 hoc
1317 1154 1497 1215 quam
1522 1139 1657 1196 ino-

271 1247 472 1325 pinate
501 1262 519 1303 2
560 1240 642 1301 est
668 1263 825 1302 emm
856 1241 973 1299 illic
1015 1239 1201 1298 sermo
1225 1242 1295 1296 de
1316 1239 1654 1317 importuno

268 1364 544 1428 togatore
592 1363 769 1425 quem
804 1347 963 1405 dives
997 1340 1208 1421 aliquis
1237 1343 1492 1423 increpat
1518 1387 1535 1419 ,
1561 1351 1614 1405 &
1630 1388 1652 1420 ,

440 1487 677 1558 Improbns
691 1506 737 1538 es
752 1524 767 1547 ,
799 1505 898 1537 cum
907 1485 1074 1558 postis,
1098 1487 1167 1535 ait
1180 1504 1205 1549 ς

270 1633 376 1697 ille
412 1651 609 1695 autem
651 1631 989 1694 obstinatius
1036 1637 1237 1714 utge‘tz

848 1793 1096 1867 Sedpenfio
1122 1789 1320 1855 clamat,

381 1883 514 1951 Poste
535 1903 557 1945 3
572 1883 656 1951 fid
669 1884 872 1955 appellat
898 1899 1009 1955 puer
1045 1886 1229 1942 unicus,
1257 1893 1310 1930 ut
1333 1879 1589 1947 Polyphemi

380 1979 502 2023 Lata
523 1975 667 2035 acies,
691 1987 768 2044 per
798 1992 937 2043 quam
943 1972 1077 2040 solers
1100 1970 1244 2034 evasit
1272 1970 1320 2017 U
1323 1964 1466 2033 lyffis

349 2118 600 2201 Cogor,
628 2118 854 2198 inquit,
886 2114 1148 2199 imptobe
1199 2124 1256 2177 &
1286 2111 1653 2194 pervicaciter

262 2226 495 2307 poscere
518 2260 538 2292 ‚
572 2226 708 2306 quia
733 2221 910 2303 poscit
938 2242 971 2282 a
1014 2240 1112 2280 me
1151 2219 1331 2278 diaria
1369 2236 1505 2297 puer
1543 2218 1648 2297 qui

149 2361 157 2368 ·
263 2326 421 2390 mihi
452 2328 603 2391 solus
628 2328 708 2389 est
738 2325 985 2417 familia..
1012 2324 1122 2383 Sed
1146 2322 1290 2402 quid
1317 2317 1488 2379 unico
1510 2339 1647 2400 pue-

264 2453 334 2494 to
382 2453 520 2492 cum
561 2428 905 2512 Polyphemi
948 2425 1479 2489 ocu102Nimirum
1516 2433 1638 2484 erat

263 2535 356 2595 illi
380 2533 594 2596 misero
618 2554 756 2615 puer
786 2535 1022 2599 unicus,
1054 2551 1117 2591 ut
1145 2530 1344 2589 unicus
1369 2523 1647 2606 Polyphe-

265 2656 373 2700 mo
414 2635 614 2699 oculus
642 2639 756 2702 :de
783 2656 902 2721 quo
929 2632 1263 2717 Mythologi
1288 2627 1642 2718 tradideram

1230 2753 1351 2831 03
