2065 3396
503 265 1457 343 TEST1M0N1A.
1586 269 1663 370 xj

279 436 573 501 sententia:
600 437 839 498 lacertos
864 434 1140 517 expressos
1161 436 1420 499 ostendat
1445 435 1660 499 fermo-

280 566 353 605 ne
393 544 639 626 vulgato
660 587 679 618 ,
719 541 814 603 sed
834 543 984 603 leste
1006 561 1204 602 tamen
1229 562 1248 614 3
1274 562 1478 623 parum
1504 557 1663 602 curat

282 669 564 710 numeros
592 659 684 721 3&
722 648 972 733 denique
992 686 1012 718 ,
1046 650 1223 708 modo
1251 666 1386 725 pure
1415 646 1663 721 diceret,

277 753 433 813 nihil
461 750 618 833 penfi
651 749 873 815 habuit.
904 760 971 814 In
995 752 1278 835 Iuvenale
1299 757 1505 811 omnia
1519 770 1664 810 con-

277 878 390 920 tra.
440 857 555 923 Ille
580 858 741 916 ardet
761 901 782 931 ,
807 856 1012 932 instat,
1039 878 1231 940 aperte
1268 855 1510 938 jugulat.
1530 858 1664 938 Sty-

274 965 369 1025 lus
393 963 565 1027 valde
584 963 829 1029 arridet,
861 963 921 1019 in
944 980 1064 1042 quo
1096 983 1229 1022 cum
1254 967 1520 1022 Romana
1551 981 1661 1042 pu-

275 1072 452 1131 ritate
474 1068 762 1149 junc'kuras
780 1064 979 1125 molles
1001 1062 1314 1125 feliciffitne
1334 1066 1665 1123 consecutus
1701 1120 1704 1121 a

277 1175 385 1237 est.
442 1172 649 1235 Versus
690 1172 807 1253 ejus
833 1210 855 1240 ‚
903 1172 1095 1251 inquit
1115 1214 1135 1242 ‚
1179 1167 1356 1249 longe
1400 1167 1668 1228 meliores

280 1300 473 1364 quam
499 1280 806 1339 Horatiani
827 1318 847 1349 ‚
877 1275 1167 1337 sententiae
1186 1270 1431 1330 acriores
1454 1311 1474 1341 ‚
1500 1268 1669 1329 Phra-

281 1386 353 1448 fis
375 1385 645 1466 apertior.
666 1389 939 1444 Ceterum
966 1380 1179 1441 urbana
1196 1425 1214 1455 ‚
1241 1377 1433 1458 inquit
1448 1412 1468 1445 ,
1493 1385 1546 1438 δε
1571 1374 1670 1436 sai-

286 1488 346 1552 sa
381 1485 576 1548 multo
618 1487 776 1569 plura
809 1483 1078 1565 juvenali
1122 1480 1390 1544 attribuas
1426 1524 1444 1557 ,
1485 1500 1667 1565 quam

284 1592 534 1674 excipias
556 1592 625 1652 ab
650 1589 931 1651 Horatio.
974 1586 1206 1664 Quibus
1236 1587 1366 1651 sane
1393 1589 1533 1649 locis
1566 1607 1671 1646 ne-

286 1720 402 1785 que
427 1717 676 1771 temere,
699 1716 887 1779 neque
910 1691 1114 1755 frustra
1130 1693 1545 1755 contendemus
1567 1692 1671 1772 Ju-

285 1805 554 1869 venalern
583 1803 759 1885 longe
780 1795 1137 1875 accuratioris
1161 1800 1355 1862 Satirae
1375 1798 1671 1857 austorem

287 1907 396 1971 effe
427 1927 447 1983 3
477 1917 529 1969 δι
557 1926 688 1969 eum
728 1923 890 1965 tanto
921 1923 1270 1986 anteponere
1292 1906 1454 1963 decet
1479 1904 1672 1961 Hora-

286 2017 416 2089 tio,
461 2031 680 2097 quanto
724 2009 931 2090 melior
964 2004 1234 2069 Horatius
1271 2004 1493 2066 Lucilio
1515 2003 1672 2087 jud-i·-

289 2138 472 2186 catut.
499 2122 650 2178 Cum
677 2131 862 2195 neque
890 2128 1369 2193 argumentorum
1399 2107 1670 2168 varietate

290 2241 392 2304 par
414 2219 475 2280 fit
501 2220 585 2278 illi
616 2220 888 2281 Horatius
905 2256 924 2286 ,
956 2235 1144 2299 neque
1169 2202 1501 2275 dexteritate
1525 2231 1672 2275 trac·

290 2329 500 2403 tandi,
546 2345 730 2408 neque
758 2327 1009 2387 ubertate
1035 2317 1388 2383 inventionis
1413 2357 1435 2389 ‚
1483 2334 1672 2398 neque

293 2433 591 2495 crebritate
636 2429 1042 2493 sententiarum
1078 2474 1096 2502 ,
1147 2445 1332 2508 neque
1355 2419 1672 2484 acrimonia

293 2534 740 2618 reprehensionis
781 2583 800 2614 ,
857 2553 1047 2617 neque
1108 2529 1323 2594 facetiis
1391 2537 1445 2594 δι
1504 2528 1673 2591 utba.

296 2658 501 2722 nitate.
