2065 3396
410 192 1363 268 =DISSERTATIQ
1477 198 1600 297 xxj

214 348 310 411 bat
336 346 673 411 imitatione
698 386 719 420 ‚
743 348 813 410 fic
840 358 902 412 ⁴&
924 346 1238 410 Satirarum
1258 394 1276 425 ‚
1303 349 1375 408 de
1397 346 1606 431 quibus

223 473 380 514 nunc
421 452 692 537 agimus,
734 457 837 515 dos
861 455 1116 514 maxima
1146 454 1207 512 in
1233 448 1611 533 descriptione

206 557 512 633 ‚confistit‘3
539 577 715 641 atque
750 558 918 618 'idem
959 560 1210 619 omnino
1249 556 1329 619 est
1358 549 1611 616 Horatio

233 663 538 723 describere
561 710 579 738 ‚
603 663 764 745 quod
797 661 1098 724 Aristoteli
1126 661 1406 740 μμῖθοᾳ,
1441 678 1614 718 nern-
1703 736 1704 747 ἵ

241 787 306 850 pe
326 787 520 827 ‘mores
545 768 785 847 alicujus
806 766 1043 849 figurate
1066 787 1301 838 notare,
1321 786 1387 825 ac
1409 783 1617 844 reprae-

245 872 519 934 fentando
544 872 613 932 fic
633 867 955 931 deformare
974 879 1029 931 &
1052 868 1349 942 illustrare,
1372 885 1436 926 ut
1457 884 1619 947 paene

246 977 425 1037 oculis
450 963 842 1055 subjiciantur.
866 975 1050 1034 Porro
1072 972 1204 1035 crim
1242 969 1491 1035 univerii
1517 969 1623 1029 ho-

249 1080 431 1144 mines
442 1081 483 1140 ,ἐι
501 1100 702 1142 natura
719 1078 825 1138 sint
843 1081 916 1138 ad
938 1078 1295 1139 imitandum
1317 1072 1586 1158 aptissimi
1605 1115 1630 1147 ,

249 1204 312 1245 ut
336 1186 524 1245 ridere
544 1230 565 1258 ,
587 1183 762 1262 jocari
781 1224 802 1256 ‚
832 1182 1028 1244 ludere
1046 1225 1067 1256 ‚
1091 1203 1251 1266 aeque
1278 1179 1533 1243 naturale
1548 1177 1629 1240 est

253 1289 469 1348 Graecis
495 1307 561 1346 ac
583 1289 882 1362 Barbaria-3
905 1287 975 1348 fic
996 1290 1175 1348 etiam
1198 1288 1402 1348 eadem
1431 1303 1633 1346 natura

210 1446 215 1447 ff
254 1391 525 1452 suadente
545 1428 564 1460 ‚
598 1392 781 1453 mistis
801 1391 946 1477 jocis
968 1390 1287 1454 dieteriisve
1308 1408 1512 1467 pravos
1532 1389 1637 1458 ho·

256 1494 496 1556 minum
516 1517 706 1558 mores
728 1498 948 1558 imitari
969 1516 1069 1558 aut
1104 1497 1412 1560 describere
1428 1539 1454 1572 ,
1475 1516 1636 1579 aeque

261 1618 510 1681 pronum
549 1598 664 1661 fuit
698 1600 915 1663 Latinis
951 1639 972 1671 ‚
1015 1621 1189 1687 atque
1234 1605 1466 1666 Graecis,
1520 1599 1642 1665 Sed

273 1706 478 1765 Graecis
501 1709 744 1787 quidem
770 1708 1022 1788 Satyrica
1062 1710 1385 1789 protervia;
1420 1688 1644 1767 Latiuis

271 1805 404 1868 vero
427 1828 528 1888 per
549 1810 798 1871 Satiram
825 1858 842 1887 ,
909 1814 966 1873 ἐκ
998 1818 1091 1875 τῶν
1115 1807 1593 1896 ἇποχιδιασμᾶτω
1626 1835 1644 1875 τ

270 1912 458 1972 rursus
477 1922 531 1975 δε
547 1915 782 1975 Latinos
802 1935 1035 1999 quoque
1053 1918 1299 1998 Satyrica
1317 1914 1653 1996 petulantia,

266 2026 331 2079 &
355 2018 589 2080 Graecos
624 2041 722 2102 per
751 2018 995 2082 Satiram
1038 2019 1211 2081 lufiffe
1246 2022 1378 2102 quis
1403 2012 1613 2076 dixerit
1633 2053 1655 2085 ‚

270 2124 516 2205 quando
555 2126 839 2206 protervia
869 2123 968 2185 ina
1019 2122 1132 2185 five
1167 2122 1425 2205 petulans
1450 2120 1663 2197 dicaci-

277 2246 367 2289 tas
391 2267 413 2299 ,
436 2245 566 2309 quae
585 2228 838 2309 Satyrica
871 2246 1234 2309 nuncupatur
1253 2267 1275 2300 ‚
1313 2247 1469 2311 aeque
1490 2243 1660 2286 natu-

280 2331 422 2392 :alis
446 2334 717 2392 Romano
746 2330 918 2394 fuerit
937 2372 958 2404 ‚
985 2350 1159 2413 atque
1181 2326 1371 2393 satura'
1389 2330 1502 2393 five
1524 2328 1663 2391 mis-

282 2435 431 2498 cella
451 2442 719 2515 jocorum
738 2437 1032 2519 congeries
1056 2437 1279 2497 Graeco.
1324 2435 1462 2497 Imo
1499 2437 1539 2497 fi
1559 2456 1669 2497 cu·-

290 2557 493 2623 5iofir'rs
534 2551 902 2640 inspiciamus
942 2603 965 2637 ,
1026 2557 1209 2619 Satira
1252 2555 1367 2623 fuit
1417 2556 1670 2621 Homeri
