2065 3396
432 259 508 342 ix
625 266 766 339 ‘DE
822 264 1187 345 SATIRA
1235 272 1583 348 JUVEN.

424 411 767 474 offendimus
819 435 917 476 aut
968 420 1353 491 incuti-imm,
1405 424 1465 479 id
1520 421 1806 485 continuo

422 516 886 595 proscribendum
921 540 1037 578 non
1082 520 1163 580 est
1196 542 1293 582 aut
1329 525 1746 584 deturbandum
1779 546 1804 597 ;

426 627 484 680 δε
522 637 649 699 quae
693 621 1015 702 negligenti
1068 645 1163 701 per
1220 623 1500 685 incuriam
1542 626 1808 688 excidiffe

424 723 750 786 credimus,
797 743 864 781 ea
908 723 947 784 fi
989 745 1354 805 repetantur,
1404 728 1807 807 appofitiffima

425 821 535 885 effe
565 828 932 902 reperiemus.
981 828 1276 905 Ejusmodi
1317 852 1510 891 autern
1544 829 1627 891 est
1661 833 1806 895 defi-

424 932 618 991 nentis
649 931 942 990 Autumni
979 931 1276 1013 descriptio
1322 937 1381 994 in
1409 938 1442 994 1
1464 941 1513 994 V
1534 932 1579 996 ⁶².

906 1097 1019 1146 Iam
1036 1090 1237 1157 lethtfero
1256 1091 1430 1142 cedente
1445 1096 1619 1157 pruinis

607 1188 841 1233 Autumno
861 1218 876 1240 ,
889 1181 987 1238 y'am
1007 1177 1566 1249 quartanamsperantibus
1582 1182 1711 1248 aegn's

608 1266 842 1318 Stridebat
882 1264 1090 1333 deformis
1127 1267 1296 1329 hyems.

501 1408 620 1471 Hic
647 1416 805 1471 enim
853 1407 1139 1473 existimet
1180 1413 1389 1493 aliquis
1425 1404 1797 1471 manifestam

428 1510 532 1574 esse
576 1514 912 1595 οἷκυρολογίοιν
931 1559 950 1584 ,
976 1514 1162 1595 qualis
1190 1510 1271 1573 est
1295 1515 1795 1596 AEneidequarta,

889 1684 1070 1723 tantum
1087 1671 1264 1744 sperare
1293 1671 1485 1727 dolorem
1508 1694 1526 1724 .-

421 1836 560 1878 cum
625 1833 825 1878 tamen
889 1821 1116 1901 proprie
1177 1821 1386 1881 dixerit
1425 1817 1720 1900 Iuvenalis
1769 1851 1795 1887 ,

422 1940 520 1983 eos
551 1924 652 2004 qui
684 1922 967 1983 definente
990 1930 1294 1984 Autumno
1318 1922 1653 2007 aegritudine
1675 1940 1800 1982 ten-

420 2026 529 2085 tari
562 2028 885 2106 incipiunt,
910 2025 1123 2108 sperare
1154 2047 1491 2108 quartanam
1512 2026 1652 2101 3hoc
1678 2026 1797 2099 est,

419 2149 540 2190 non
603 2129 728 2192 fore
774 2133 1037 2191 continui
1093 2134 1309 2190 ardoris
1352 2179 1371 2206 ,
1431 2130 1525 2192 sed
1566 2149 1794 2190 tantum

419 2235 688 2314 quadrini
727 2234 992 2292 circuitus
1022 2230 1237 2291 febrem
1279 2252 1406 2310 quae
1430 2272 1449 2301 ‚
1501 2247 1565 2288 ut
1611 2230 1794 2291 afferit

418 2335 615 2397 Celsus
648 2381 667 2408 ,
720 2334 1016 2393 neminem
1063 2331 1309 2413 jugulat.
1349 2333 1429 2390 Ea
1473 2351 1607 2390 vero
1636 2329 1791 2392 febre

425 2434 711 2519 φθινοπώρῳ
769 2434 1017 2509 μάλιστα
1062 2442 1108 2495 οἵ
1152 2429 1397 2508 oi'vepmtoe
1443 2430 1790 2506 οἷλίσκονταιρ

421 2541 614 2619 inquit
640 2541 1039 2617 Hippocrates.
1088 2538 1163 2600 In
1202 2541 1272 2602 iis
1311 2557 1508 2603 autem
1539 2557 1667 2622 quae
1688 2539 1792 2612 Sa«,

419 2641 533 2717 tir}
570 2638 813 2703 secunda
841 2639 1131 2725 legimuS,
1191 2679 1198 2684 -
