2065 3396
526 170 603 237 1>
630 164 1137 280 JssERTA
1159 167 1384 244 Tm.
1477 173 1651 274 xxiij

253 343 445 408 eoque
470 324 649 384 titulo
671 323 1012 409 scriptorum
1046 327 1408 409 asperitatem
1439 332 1656 393 acerbi..

259 450 562 513 tatemque
582 479 603 510 ,
645 454 768 492 non
796 435 995 495 SatIrae
1014 473 1037 503 ,
1077 435 1179 495 sed·
1191 439 1394 518 cynico
1421 442 1655 520 Menip-

252 539 351 618 pei
370 534 497 597 stili
524 537 765 597 nomine
780 535 1078 620 significati
1095 541 1401 604 declaravit
1418 570 1435 608 t
1456 563 1521 605 ut
1544 542 1652 608 hoc

258 643 505 702 tandem
530 639 595 700 fit
623 640 992 703 statuendum
1015 642 1224 714 semel,
1252 647 1499 707 Satiram
1524 670 1653 710 non

262 749 457 830 magis
481 745 590 807 esse
625 751 924 829 proprium
955 746 1197 829 alicujus
1219 749 1408 828 scripti
1434 772 1655 812 nomen

259 848 444 931 quam
502 850 632 911 sunt
680 852 778 911 illa
802 901 820 928 ,
860 849 1142 928 πανέέκπᾳ
1182 897 1202 926 ,
1258 850 1385 914 ἰωὰ
1433 900 1452 930 ,
1508 853 1653 935 κέρμα

258 955 566 1036 Α’μιλθεᾶις
583 1001 601 1029 ,
638 966 692 1018 &
715 955 913 1017 similia
935 959 1266 1017 Graecarum
1295 957 1652 1021 lautitiarum

255 1062 544 1123 vocabula
571 1108 589 1136 ‚
613 1061 877 1121 Pliniana
917 1065 989 1121 ad
1031 1061 1435 1140 Vespasianum
1463 1063 1652 1122 (Σκῶ-

254 1187 387 1227 rem
413 1163 750 1244 praefatione
767 1165 944 1225 derisa
963 1185 982 1234 ·‚
1004 1167 1261 1244 itemque
1280 1164 1396 1235 illa,
1411 1162 1652 1241 ςξφωῷη

240 1267 540 1354 repom&
559 1313 578 1343 ‚
604 1270 740 1335 κεςὶς
757 1315 778 1343 ,
801 1272 956 1330 unde
979 1269 1139 1328 libris
1169 1267 1279 1328 suis
1303 1267 1503 1328 titulos
1519 1290 1657 1328 con-

250 1377 454 1438 fecere
499 1376 791 1459 Meleager
839 1375 1177 1433 Gadarenus
1207 1419 1224 1448 ,
1276 1381 1332 1433 &
1361 1369 1656 1453 Philippus

260 1480 764 1545 Thessalonicensis
787 1519 811 1554 ,
833 1490 888 1543 &
914 1479 1186 1542 Clemens
1214 1476 1656 1555 Alexandrinus,
1742 1502 1752 1509 ·

265 1599 329 1652 δε
355 1589 554 1647 Sextus
574 1586 883 1647 Africanus
902 1607 921 1646 t
939 1576 1278 1669 quanquam
1295 1585 1368 1644 de
1390 1583 1656 1644 Africani

269 1689 457 1759 Cestis
475 1693 642 1755 aliter
684 1691 891 1754 sentite
923 1694 1053 1773 quis
1078 1690 1272 1773 possit,
1316 1690 1659 1773 proprieque

268 1800 568 1885 inscriptos
591 1798 749 1861 fuiffe
767 1795 907 1863 κισ-ἒς
922 1842 941 1872 ,
967 1797 1128 1881 quod
1143 1796 1370 1877 magica
1389 1792 1657 1874 quaedam

262 1905 524 1968 amuleta
549 1904 659 1965 five
683 1906 939 1964 remedia
972 1904 1361 1990 continerent.

342 2033 614 2097 Alterum
638 2048 810 2113 porto
830 2024 938 2089 fuit
952 2029 1020 2089 Sa
1029 2030 1150 2088 tirae
1166 2048 1347 2109 genus
1365 2072 1383 2099 ,
1407 2044 1527 2085 non
1541 2045 1658 2086 cat·

259 2139 450 2199 minis
466 2179 489 2211 ,
514 2134 610 2199 sed
632 2154 824 2196 retum
850 2132 1278 2215 multiplicitate
1297 2130 1623 2193 confertum
1640 2162 1657 2205 ;

261 2245 558 2304 nimitum
604 2242 897 2303 sententiis
915 2280 936 2312 ‚
969 2237 1111 2319 jocis
1127 2284 1146 2314 ‚
1172 2240 1494 2322 opprobriis
1513 2280 1531 2313 ,
1561 2236 1656 2299 in-

260 2344 701 2428 dignationibus
718 2382 741 2415 ,
782 2345 1032 2428 querelis
1058 2344 1318 2431 3‘quibus
1342 2344 1535 2424 inepta
1556 2364 1656 2403 vo-

260 2471 323 2513 ta
342 2498 363 2526 ,
384 2458 584 2533 turpes
614 2453 971 2533 voluptates,
997 2449 1242 2525 insidiae,
1267 2449 1388 2509 doli
1411 2491 1432 2522 ‚
1454 2447 1653 2510 homi·

268 2577 415 2619 num
435 2578 626 2621 mores
641 2561 938 2642 graviores
951 2572 1231 2640 tanquam
1248 2559 1310 2619 in
1329 2554 1524 2619 rabula
1536 2556 1655 2619 def-
