2065 3396
542 236 901 305 SATIRA
963 246 1014 305 1.
1092 239 1265 303 Lm.
1332 239 1387 305 1.
1612 251 1656 313 '7

257 371 503 437 Sportula
518 401 537 431 ,
558 368 744 420 deinde
761 371 929 421 forum
946 399 962 431 ‚
979 367 1194 432 iurisque
1211 370 1399 434 peritus
1430 369 1624 436 Apollo
1637 404 1657 429 ,

258 466 447 523 Atque
460 459 790 523 triumphales
804 492 820 515 ,
845 458 978 509 inter
994 472 1115 521 quas
1136 456 1273 508 ausus
1296 458 1479 511 habere
1628 463 1634 469 “

260 544 466 600 Nescio
502 546 611 608 quis
628 544 800 595 titulos
816 544 1089 611 Egyptius
1105 576 1123 606 ,
1141 562 1286 610 atque
1303 547 1613 601 Arabarches
1631 564 1656 616 ς

259 634 427 697 Cuius
457 633 520 685 ad
550 632 778 700 effigiem
800 649 901 684 non
921 648 1121 685 tantum
1143 633 1335 698 meiere
1350 637 1420 686 fas
1456 638 1546 689 est.

260 721 553 775 vestibulis
585 720 769 773 abeunt
795 735 992 775 veteres
1011 751 1029 783 ‚
1058 722 1257 786 laffique
1285 723 1496 776 clientes
1511 750 1533 787 ‚-

258 813 509 873 Votaque
530 808 789 874 deponunt
805 840 823 870 ‚
850 825 1130 877 quanquam
1148 810 1462 875 longiffima,
1480 827 1587 863 coen
1595 826 1660 873 κ’,

259 903 385 965 Spes
398 900 607 950 homini
627 918 639 951 ε
659 899 810 950 caulis
828 897 1024 950 miseris
1043 931 1060 961 ‚
1079 913 1225 963 atque
1240 900 1376 964 ignis
1390 902 1654 953 emendus.

262 986 490 1050 optima
510 984 767 1049 sylvarum
781 986 977 1038 interea
1005 1018 1023 1047 ‚
1063 990 1325 1054 pelagique
1346 989 1545 1041 vorabit

260 1079 389 1129 Rex
422 1076 609 1126 horum
626 1106 644 1136 ‚
667 1072 928 1138 vacuisque
958 1070 1085 1125 toris
1104 1089 1300 1126 tantum
1315 1074 1418 1140 ipse
1433 1074 1611 1138 iacebit
1636 1089 1657 1124 z

261 1163 419 1216 Nam
436 1160 503 1212 de
522 1175 598 1213 tot
617 1162 840 1226 pulchris
860 1201 876 1224 ‚
904 1163 958 1214 δε
976 1161 1093 1212 latis
1110 1160 1313 1212 orbibus
1328 1192 1345 1222 ‚
1368 1162 1422 1211 86
1441 1176 1551 1213 tam

264 1249 521 1311 Antiquis
538 1280 555 1310 ‚
585 1266 683 1300 una
711 1248 986 1301 comedunt
1004 1249 1312 1314 patrimonia
1329 1248 1518 1300 mensa.

266 1340 465 1392 Nullus
486 1337 589 1400 iam
611 1334 838 1404 parafi'tus
865 1337 964 1388 erit
981 1368 998 1398 ‚
1037 1335 1120 1387 sed
1138 1335 1246 1398 quis
1268 1339 1395 1387 feret
1421 1335 1532 1386 istas

267 1424 518 1477 Luxuriae
537 1423 703 1477 sordes
720 1429 743 1476 ?
775 1429 975 1490 Quanta
994 1426 1061 1475 est
1079 1425 1194 1488 gula
1213 1454 1230 1484 ‚
1254 1436 1360 1486 quae
1379 1418 1466 1474 fibi
1485 1436 1628 1475 totos

270 1514 432 1567 Ponit
453 1528 595 1578 aptos
611 1543 629 1575 ‚
657 1515 846 1564 animal
873 1528 1075 1579 propter
1095 1512 1332 1563 convivia
1353 1527 1526 1564 natum
1547 1516 1563 1564 i

271 1603 435 1655 I‘oena
451 1614 624 1651 tamen
642 1602 851 1666 praesens
868 1632 884 1663 ‚
913 1617 1030 1653 cum
1058 1615 1113 1651 tu
1139 1598 1350 1664 deponis
1381 1600 1592 1652 amiRus

271 1688 538 1756 Turgidus
551 1722 568 1752 ‚
589 1692 642 1742 86
663 1689 869 1742 crudum
889 1703 1139 1755 pavonem
1160 1689 1219 1740 in·
1240 1686 1417 1741 balnea
1436 1705 1628 1755 portas-

270 1782 418 1835 Βίης
432 1778 605 1832 subitae
629 1794 817 1830 mortes
838 1810 855 1840 ‚
886 1793 1031 1841 atque
1052 1778 1278 1829 intestata
1304 1776 1543 1831 senectus.

272 1870 327 1921 It
348 1884 512 1928 nova,
539 1882 631 1917 nec
659 1867 806 1917 tristis
829 1882 915 1930 per
931 1865 1126 1946 cunqas
1153 1863 1318 1915 fabula
1347 1879 1511 1917 coenas
1528 1882 1548 1916 z

274 1958 496 2012 Ducitur
533 1957 676 2007 iratis
706 1952 1045 2021 plaudendum
1075 1955 1218 2002 funus
1248 1950 1444 2002 amicis.

275 2046 382 2100 Nil
407 2045 507 2096 erit
534 2045 744 2097 ulterius
759 2069 779 2102 ς
795 2038 928 2103 quod
946 2038 1120 2089 nostris
1141 2034 1365 2087 moribus
1385 2034 1537 2086 addat

275 2132 573 2195 Posteritas3
595 2127 772 2181 eadem
800 2126 1001 2190 cupient
1018 2154 1037 2185 ,
1062 2124 1341 2185 facientque
1357 2123 1610 2175 minoresn

277 2226 458 2276 Omne
474 2220 531 2270 in
557 2213 800 2283 praecipiti
830 2212 1018 2265 vitium
1039 2211 1169 2262 stetit
1186 2227 1201 2258 ε
1223 2223 1361 2260 utere
1388 2209 1519 2260 velis
1536 2240 1558 2269 5

281 2312 451 2363 Totos
482 2305 643 2372 pande
678 2298 827 2354 finus.
858 2299 1013 2352 Dicas
1047 2296 1132 2350 hic
1153 2294 1352 2349 forfitan
1371 2325 1387 2355 ‚
1410 2296 1553 2347 unde

280 2394 557 2462 Ingenium
583 2407 668 2456 pat
694 2388 914 2440 materiae
933 2387 958 2436 ?
975 2384 1107 2436 unde
1126 2384 1219 2433 ina
1246 2382 1471 2446 priorum

277 2479 539 2538 scribendi
559 2478 883 2542 quodcunque
910 2473 1084 2524 animo
1102 2468 1348 2535 flagrante
1363 2465 1551 2518 liberet

283 2566 587 2633 Simplicitas
604 2596 621 2626 ‚
654 2563 787 2624 cuius
817 2577 922 2611 non
943 2557 1104 2622 audeo
1122 2557 1288 2608 dicere
1315 2569 1502 2605 nomen
1521 2553 1552 2604 ἓ

285 2654 428 2718 Quid
444 2656 595 2708 refert
616 2650 761 2704 dietis
787 2645 1009 2716 ignoscat
1042 2644 1240 2702 Mucius
1257 2674 1274 2704 ‚
1301 2658 1365 2691 an
1392 2637 1545 2691 non?

1266 2736 1318 2786 A
1350 2744 1398 2792 4
