2065 3396
562 285 914 344 SATIRA
981 293 1028 346 1.
1097 291 1267 346 LIB.
1347 296 1403 351 1..
1605 314 1641 377 3

253 403 510 457 Ventilet
526 408 750 461 aestivum
768 409 948 476 digitis
968 408 1253 465 sudantibus
1276 433 1452 469 aurum
1465 451 1483 481 ,

252 493 381 543 Nec
401 490 609 545 sufferre
636 511 781 559 queat
803 499 1010 562 maioris
1042 500 1262 564 pondera
1282 518 1497 569 gemmae
1519 523 1537 567 ς

250 575 499 631 Difficile
511 581 581 632 est
592 583 806 637 smitam
821 603 926 636 non
939 584 1172 638 scribere.
1188 589 1329 640 Nam
1342 593 1450 654 quis
1464 594 1648 657 iniqua.-

259 668 404 716 Tam
436 669 632 732 patiens
663 670 797 724 urbis
817 705 834 735 ‚
859 689 966 725 tam
998 677 1189 727 ferreus
1206 708 1224 739 ,
1255 693 1310 729 ut
1344 694 1512 734 teneat
1535 682 1583 734 se
1620 687 1644 736 ξ

250 753 534 806 cauffidici
554 773 688 810 nova
715 776 831 812 cum
854 763 1027 814 veniat
1062 762 1238 814 lectica
1257 766 1517 819 Mathonis

260 842 422 892 Plena
448 840 556 907 ipso
575 863 595 908 3
621 847 724 909 post
743 849 876 899 hunc
899 851 1077 916 magni
1101 850 1298 902 delator
1330 852 1517 916 amici,

253 929 329 979 Et
349 931 456 981 cito
478 948 701 998 rapturus
729 935 796 987 de
822 936 1089 990 nobilitate
1116 939 1312 992 comesa

250 1016 423 1080 Qod
446 1016 657 1084 superest
676 1053 693 1083 ‚
723 1037 875 1085 quem
897 1027 1052 1077 Maffa
1072 1029 1223 1081 timet
1238 1059 1257 1089 ‚
1287 1043 1439 1091 quem
1466 1036 1649 1087 mun’e-

580 1123 635 1158 te
668 1110 834 1176 palpat

251 1197 425 1253 Carus
442 1224 461 1254 ‚
492 1195 546 1245 8:
566 1212 597 1246 a
629 1199 829 1263 trepido
851 1199 1113 1264 Thymele
1134 1198 1387 1251 summiffa
1415 1203 1602 1252 Latino
1628 1220 1646 1255 ε

251 1287 405 1336 Cum
433 1295 484 1334 te
503 1281 858 1340 summoveant
871 1318 890 1349 ,
925 1288 1013 1352 qui
1034 1290 1326 1340 testamenta
1341 1305 1598 1340 merentur

255 1369 516 1427 Noctibus
538 1404 558 1434 ‚
586 1375 643 1424 in
664 1378 871 1429 Coelum
896 1392 1021 1441 quos
1044 1379 1215 1430 evehit
1233 1379 1427 1444 optima
1459 1378 1645 1433 summi
1694 1405 1698 1409 >
1795 1352 1814 1407 3

252 1459 424 1512 'Nunc
448 1461 531 1512 via
551 1466 790 1526 process‘us
813 1497 831 1526 ,
860 1465 1220 1520 vetulaevefica
1240 1466 1392 1521 beatae
1409 1486 1425 1519 ε

259 1548 546 1602 Unciolam
564 1553 851 1603 Proculeius
878 1553 1024 1606 habet
1038 1587 1056 1616 ‚
1078 1554 1162 1607 sed
1182 1557 1331 1609 Gillo
1357 1557 1603 1610 deuncem
1623 1575 1641 1609 ε

256 1640 438 1690 'Partes
459 1637 665 1703 quisque-
677 1640 779 1692 suas
804 1626 866 1693 ad
896 1644 1182 1694 mensuram
1203 1645 1428 1711 inguinis
1448 1648 1643 1713 haercs;

261 1725 505 1789 Accipiat
533 1725 648 1778 fane
668 1731 955 1782 mercedem
985 1730 1236 1798 sanguinis
1253 1765 1272 1796 ,
1302 1735 1357 1785 &
1386 1736 1449 1787 fic

261 1814 461 1866 Palleat
497 1828 553 1865 ut
577 1815 724 1867 nudis
745 1820 906 1881 preffit
925 1821 1010 1882 qui
1029 1821 1243 1872 calcibus
1259 1838 1481 1888 anguem
1495 1857 1514 1888 ‚

261 1904 381 1958 Aut
399 1901 797 1968 Lugdunensem
813 1908 1010 1960 Rhetor
1045 1908 1267 1960 dictutus
1285 1908 1349 1960 ad
1367 1926 1527 1963 aram.

333 2077 478 2142 Qid
496 2082 710 2133 referam
727 2098 907 2148 quanta
931 2083 1111 2135 ficcum
1131 2084 1266 2149 -iecur
1291 2082 1458 2137 ardeat
1473 2085 1547 2136 ira
1558 2114 1577 2145 ‚

258 2170 401 2219 Cum
416 2172 658 2235 populum
675 2171 909 2239 gregibus
930 2173 1179 2225 comitum
1196 2186 1391 2236 premat
1415 2174 1499 2225 hic
1527 2172 1641 2239 spo·-

579 2258 731 2310 liator
806 2293 809 2298 -

264 2341 457 2407 rupini
476 2345 734 2407 prostantis
757 2343 781 2397 ?
816 2347 869 2400 &
900 2348 984 2400 hic
1011 2348 1275 2401 damnatus
1290 2349 1432 2401 inani

260 2430 294 2483 J
298 2428 467 2480 udicio
498 2430 514 2494 ζ
530 2433 649 2495 quid
667 2434 810 2485 enim
830 2433 976 2489 salvis
996 2439 1207 2490 infamia
1227 2439 1489 2489 nummis?
1506 2435 1526 2503 l

266 2515 423 2570 Exsul
442 2517 503 2570 ab
532 2522 705 2574 ostava
725 2524 917 2576 Marius
935 2523 1065 2577 bibit
1082 2556 1101 2587 ,
1139 2528 1194 2578 δε
1216 2528 1395 2580 fruitur
1412 2527 1531 2581 Diis

260 2603 410 2658 hatis
431 2619 450 2665 ς
472 2622 530 2657 at¹
548 2622 605 2660 tu
628 2611 814 2663 victrix
830 2613 1094 2677 provincia
1114 2616 1298 2679 ploras.
1593 2631 1598 2635 ·

259 2691 389 2745 Haec
410 2707 508 2759 ego
528 2711 635 2750 non
656 2699 859 2754 credam
886 2700 1144 2757 Venufina
1163 2702 1318 2769 digna
1334 2700 1567 2753 lucerua!

1270 2792 1327 2842 A
1354 2801 1385 2837 2
