2065 3396
374 272 492 329 108
564 272 645 330 D.
697 269 977 336 IUN'II
1016 262 1588 333 IUVENALI'S

369 398 568 449 Omnia
593 395 812 448 dixisset.
855 393 1092 446 Ridenda
1116 392 1348 460 poEmata
1365 391 1507 441 malo
1525 420 1545 451 ,

371 483 546 544 Qam
566 496 618 533 te
644 481 914 547 conspicuae
933 481 1110 532 divina
1134 480 1411 545 Philippica
1429 481 1578 530 famae
1591 509 1610 539 ‚

368 569 618 619 volveris
634 584 661 618 a
681 570 843 632 prima
876 586 983 634 quae
1002 573 1258 637 proxima.
1289 570 1457 620 Saevus
1470 569 1696 628 &illum

367 653 551 706 Exitus
573 654 791 719 eripuit,
822 672 974 720 quem
998 657 1305 708 mirabantur
1344 658 1566 707 Athenae

371 745 727 804 Torrentem,
762 744 816 794 δε
852 746 990 809 pleni
1024 745 1377 796 moderantem
1393 747 1533 796 frena
1552 744 1769 798 theatri·

372 828 496 882 Diis
520 828 615 879 ille
632 829 845 882 adversis
877 834 1077 900 genitus
1094 864 1111 889 ‚
1134 833 1332 894 fatoque
1356 831 1545 885 finistro
1559 865 1579 895 ‚

376 918 551 979 Quem
578 932 715 983 pater
745 919 967 971 ardentis
990 917 1153 971 maffae
1181 919 1400 985 fuligine
1438 923 1602 988 lippus

376 1009 433 1061 A
462 1006 673 1059 carbone
691 1039 713 1069 ‚
741 1009 794 1057 &
819 1004 1089 1071 forcipibus
1107 1037 1124 1064 ‚
1144 1006 1433 1072 gladiosque
1453 1022 1660 1073 parante

378 1094 570 1148 lncude
585 1126 604 1157 ,
631 1096 685 1146 δε
703 1096 844 1147 luteo
869 1095 1109 1147 Vulcano
1125 1123 1141 1153 ‚
1170 1093 1234 1145 ad
1252 1097 1480 1149 Rhetora
1504 1098 1664 1152 mifir-

441 1270 709 1324 Bellorum
739 1269 938 1324 exuviae
958 1300 977 1328 ‚
1012 1271 1204 1321 truncis
1221 1269 1371 1325 affixa
1388 1274 1587 1339 tropaeis

382 1361 569 1416 Lorica
585 1393 601 1420 ,
623 1362 677 1412 δε
693 1361 845 1412 fracta
862 1357 926 1409 de
942 1356 1116 1415 cafficle
1132 1356 1334 1410 buccula
1350 1361 1574 1425 pendens
1589 1391 1606 1421 ,

379 1450 446 1502 Et
474 1460 672 1498 curtum
693 1460 901 1498 temone
931 1442 1140 1509 iugum,
1166 1444 1408 1508 vistaeque
1434 1447 1663 1499 triremis

380 1536 618 1601 Aplustre
640 1554 657 1600 3
681 1537 735 1588 8ε
754 1533 954 1586 summo
975 1530 1124 1582 tristis
1138 1532 1359 1597 captivus
1386 1531 1442 1582 in
1461 1548 1576 1585 arcu
1588 1562 1607 1595 ‚

381 1621 638 1676 Humanis
656 1619 848 1683 maiora
867 1618 1016 1671 bonis
1043 1617 1347 1685 creduntur-2
1368 1618 1431 1669 ad
1447 1620 1545 1671 hoc
1563 1617 1613 1672 se

382 1714 647 1765 Romanus
664 1741 682 1769 2
700 1707 972 1773 Graiusque
988 1740 1005 1771 ‚
1024 1724 1079 1760 ac
1097 1708 1336 1761 Barbarus
1352 1710 1677 1775 Induperator

383 1796 563 1852 Erexit
583 1815 602 1861 ς
626 1797 802 1849 caussas
841 1794 1153 1849 discriminis
1178 1823 1197 1856 ‚
1223 1808 1367 1859 atque
1394 1792 1579 1848 laboris

384 1883 517 1940 Inde
550 1884 745 1939 habuit.
774 1890 948 1939 Tanto
973 1881 1136 1946 maior
1161 1885 1308 1936 famae
1333 1881 1438 1936 fitis
1467 1886 1533 1936 est
1559 1917 1576 1944 ‚
1620 1900 1774 1950 quam

385 1974 635 2028 Virtutis.
664 1974 795 2039 Qis
814 1974 957 2027 enim
975 1972 1222 2024 virtutem
1239 1972 1558 2037 amplefititur
1577 1971 1735 2040 ipsam
1746 2007 1770 2038 ,

391 2063 608 2118 Praemia
633 2060 671 2114 fi
690 2064 840 2115 tollas
858 2063 884 2114 ἓ
905 2059 1130 2114 Patriam
1152 2074 1326 2112 tamen
1347 2058 1513 2113 obruit
1532 2061 1667 2113 olim

387 2151 575 2205 Gloria
602 2166 873 2216 paucorum
890 2181 907 2211 ‚
926 2151 982 2203 δι
1007 2148 1170 2202 laudis
1186 2179 1204 2209 ‚
1221 2148 1456 2214 titulique
1484 2150 1666 2215 cupido

388 2238 588 2295 Haesuri
612 2239 742 2293 saxis
757 2240 990 2293 'cinerum
1007 2234 1318 2297 custodibus,
1344 2235 1409 2287 ad
1427 2251 1534 2299 quae

391 2328 728 2386 Discutienda
757 2333 933 2382 valent
959 2327 1139 2380 sterilis
1156 2326 1289 2376 mala
1304 2324 1483 2377 robora
1501 2323 1623 2376 ficus
1645 2341 1663 2389 3

394 2418 827 2485 Quandoquidem
872 2418 989 2470 data
1027 2413 1143 2468 sunt
1171 2414 1285 2479 ipsis
1338 2427 1535 2477 quoque
1572 2415 1670 2464 fata
1688 2408 1776 2463 se-

712 2506 917 2573 pulcris.

393 2591 639 2656 Expende
655 2591 996 2645 Hannibalem
1011 2621 1029 2650 ‚
1044 2601 1166 2652 quot
1179 2583 1331 2638 libras
1349 2586 1406 2637 in
1419 2588 1563 2639 Duce
1576 2584 1777 2637 summo

392 2681 681 2738 Invenies?
702 2684 804 2737 Hic
824 2684 891 2736 est
906 2712 925 2744 ‚
962 2694 1119 2745 quem
1135 2692 1239 2730 non
1257 2676 1387 2741 capit
1408 2673 1582 2734 Africa
1595 2675 1778 2727 Mauro
