2065 3396
473 248 684 328 xxxiv
735 252 875 322 DE
905 250 1278 324 SATIRA
1304 250 1682 325 IUVEN.

553 423 769 477 Pondere.
809 420 1023 474 Nondum
1049 422 1221 494 aliquis
1254 423 1440 492 sortitus
1477 427 1596 498 triste
1626 427 1884 498 profundi.

549 557 799 628 Imperium
819 595 834 618 ,
864 569 947 608 aut
960 556 1116 610 Sicula
1144 570 1302 608 torvus
1348 577 1447 608 cum
1481 559 1813 626 coniugePluto
1843 597 1864 621 ‚

539 693 645 745 ,Nec
670 703 768 741 rota
787 724 803 750 ‚
829 710 907 743 nec
919 694 955 743 F
957 695 1066 743 uriae
1082 711 1187 754 ,nec
1198 692 1366 760 fitxum
1386 727 1405 752 ,
1422 705 1505 743 aut
1517 691 1726 746 vulneris
1745 697 1858 747 αἰγὶ

550 825 692 889 Poena
718 860 733 883 ,
775 825 860 891 fid
882 825 1069 895 infernis
1098 825 1267 878 hilares
1289 827 1385 892 fine
1424 825 1620 894 Regibus
1647 827 1850 882 umbrae.

551 954 826 1024 Improbitas'
857 958 938 1011 illo
955 957 1055 1027 fuit
1092 959 1377 1012 admirabilis
1411 979 1510 1012 aevo
1533 997 1550 1021 ,
1580 962 1688 1013 &a

534 1129 600 1189 Si
623 1126 762 1213 quid
801 1128 957 1192 aliud
988 1148 1162 1215 quam
1187 1130 1432 1192 Satiram
1466 1130 1700 1191 scribere
1724 1151 1847 1214 ag-

457 1234 662 1314 greffus
697 1234 828 1296 effet
861 1239 1190 1317 juvenalis,
1223 1240 1284 1296 in
1318 1239 1678 1297 Sententiam
1702 1241 1848 1297 doc-

457 1338 646 1399 tiffimi
672 1340 868 1402 Critici
903 1343 1273 1404 concederem
1291 1362 1522 1404 eatenus
1540 1362 1601 1401 ut
1617 1339 1846 1406 ¹faterer:

452 1445 798 1524 juvenalem
831 1444 922 1508 hic
951 1446 1219 1522 πιφίλαλον
1257 1443 1417 1506 fuiffe
1449 1451 1499 1506 Bt
1531 1446 1843 1507 verborum

454 1551 791 1630 prodigum.
812 1553 965 1611 Nam
990 1551 1124 1611 abfit
1146 1570 1206 1609 ut
1228 1548 1619 1632 graviffimum
1644 1550 1838 1611 austo-

457 1673 584 1715 rem
618 1656 677 1713 in
703 1673 929 1735 turpem
956 1652 1234 1715 sermonis
1262 1657 1699 1718 redundantiam
1735 1673 1835 1719 aut

457 1758 736 1840 puerilem
774 1758 1061 1819 luxuriam
1091 1757 1342 1822 incidisse
1378 1761 1728 1843 judicemus3
1775 1781 1833 1825 at

459 1883 594 1923 cum
633 1863 749 1946 ipse
774 1862 1047 1923 librorum
1071 1862 1676 1939 suorum'rnateriam‚
1720 1863 1834 1924 far-

455 1968 723 2048 raginem
773 1972 824 2027 &
867 1968 1114 2027 Satiram
1167 1965 1290 2026 fore
1332 1966 1785 2046 pronunciaverit
1815 2013 1835 2045 ,

460 2074 720 2132 dicamus
746 2072 936 2153 potius
970 2069 1079 2132 isto
1111 2069 1387 2131 sermonis
1410 2069 1620 2132 excelsu
1651 2070 1826 2134 farra-

461 2178 658 2259 ginem
687 2186 740 2237 &
770 2177 1013 2236 Satiram
1049 2172 1282 2251 pulchre
1321 2171 1423 2232 effe
1458 2172 1766 2235 confertam
1807 2194 1826 2249 3

461 2301 574 2363 qua
604 2281 885 2339 nimirum
915 2275 1100 2337 iaeculi
1141 2272 1220 2332 sui
1264 2271 1578 2347 θτολογέμινω
1605 2277 1822 2333 deride-

458 2403 584 2454 ret,
615 2402 736 2443 tam
780 2385 971 2461 inepta
1000 2377 1241 2458 quidem
1278 2386 1330 2438 &
1356 2374 1587 2436 absurda
1623 2396 1685 2438 ut
1721 2378 1820 2440 ho-

457 2488 649 2553 mines
682 2484 831 2567 ipsos
875 2486 934 2544 in
972 2482 1251 2542 Numinis
1289 2500 1691 2567 contemptum
1723 2487 1822 2546 ad-

366 2585 369 2586 ’
458 2593 752 2655 ducerent.
792 2594 929 2680 Qa
975 2587 1200 2651 ratione
1242 2606 1437 2650 autem
1468 2607 1820 2680 contemptus

1823 2688 1849 2708 A
